
@incollection{kellermeier-rehbein_namslang_2015,
	address = {Frankfurt am Main},
	title = {Namslang ‒ {Deutsche} {Jugendsprache} in {Namibia}?},
	booktitle = {Sprachvariation und {Sprachreflexion} in interkulturellen {Kontexten}},
	publisher = {Lang},
	author = {Kellermeier-Rehbein, Birte},
	editor = {Peschel, Corinna and Runschke, Kerstin},
	year = {2015},
	pages = {41--62}
}

@incollection{gretschel_status_1995,
	address = {Berlin \& New York},
	title = {The status and use of the {German} language in independent {Namibia}: {Can} {German} survive the transition?},
	booktitle = {Discrimination through language in {Africa}? {Perspectives} on the {Namibian} {Experience}},
	publisher = {de Gruyter},
	author = {Gretschel, Hans-Volker},
	editor = {Pütz, Martin},
	year = {1995},
	pages = {299--313}
}

@book{ammon_stellung_2014,
	address = {Berlin},
	title = {Die {Stellung} der deutschen {Sprache} in der {Welt}},
	publisher = {de Gruyter},
	author = {Ammon, Ulrich},
	year = {2014}
}

@article{shah_german_2007,
	title = {German in a contact situation: {The} case of {Namibian} {German}},
	volume = {2},
	journal = {eDUSA},
	author = {Shah, Sheena},
	year = {2007},
	pages = {20--45},
	file = {Shah_2007_GermanNamib.pdf:C\:\\Users\\chzimmer\\Zotero\\storage\\GGF2F38B\\Shah_2007_GermanNamib.pdf:application/pdf}
}

@article{deumert_namibian_2009,
	title = {Namibian {Kiche} {Duits}: the making (and decline) of a neo-{African} language},
	volume = {21},
	journal = {Journal of Germanic Linguistics},
	author = {Deumert, Ana},
	year = {2009},
	pages = {349--417}
}

@incollection{zimmer_deutsch_2019,
	address = {Berlin \& Boston},
	series = {Handbücher zur {Sprach}- und {Kommunikationswissenschaft}},
	title = {Deutsch als {Minderheitensprache} in {Afrika}},
	number = {30.4},
	booktitle = {Sprache und {Raum} ‒ {Deutsch}. {Ein} internationales {Handbuch} der {Sprachvariation}},
	publisher = {De Gruyter Mouton},
	author = {Zimmer, Christian},
	editor = {Herrgen, Joachim and Schmidt, Jürgen Erich},
	year = {2019},
	pages = {1176--1190}
}

@article{zimmer_korpus_2020,
	title = {Das {Korpus} \textit{{Deutsch} in {Namibia}} (\textit{{DNam}}): {Eine} {Ressource} für die {Kontakt}-, {Variations}- und {Soziolinguistik}},
	volume = {48},
	journal = {Deutsche Sprache},
	author = {Zimmer, Christian and Wiese, Heike and Simon, Horst J. and Zappen-Thomson, Marianne and Bracke, Yannic and Stuhl, Britta and Schmidt, Thomas},
	year = {2020},
	pages = {210--232}
}

@article{zimmer_kasus_2020,
	title = {Kasus im {Namdeutschen}},
	volume = {48},
	journal = {Zeitschrift für Germanistische Linguistik},
	author = {Zimmer, Christian},
	year = {2020},
	pages = {298--335}
}

@incollection{wiese_registerdifferenzierung_nodate,
	address = {Tübingen},
	title = {Registerdifferenzierung im {Namdeutschen}: {Informeller} und formeller {Sprachgebrauch} in einer vitalen {Sprechergemeinschaft}},
	booktitle = {Kontaktvarietäten des {Deutschen} im {Ausland}},
	publisher = {Narr},
	author = {Wiese, Heike and Bracke, Yannic},
	editor = {Földes, Csaba}
}

@incollection{plewnia_namibia_2018,
	address = {Tübingen},
	title = {Namibia},
	booktitle = {Handbuch der deutschen {Sprachminderheiten} in Übersee},
	publisher = {Narr/Francke/Attempto},
	author = {Dück, Katharina},
	editor = {Plewnia, Albrecht and Riehl, Claudia M.},
	year = {2018},
	keywords = {German language, Dialects, Handbooks, manuals, etc},
	pages = {109--130}
}

@incollection{ammon_stutzung_2019,
	address = {Berlin \& Boston},
	title = {Stützung des {Spracherhalts} bei deutschsprachigen {Minderheiten}: {Namibia}},
	booktitle = {Förderung der deutschen {Sprache} weltweit},
	publisher = {de Gruyter},
	author = {Zappen-Thomson, Marianne},
	editor = {Ammon, Ulrich and Schmidt, Gabriele},
	year = {2019},
	pages = {517--530}
}

@incollection{bracke_language_nodate,
	title = {Language mixing and speaker gender in {Namibian} {German}. {A} corpus linguistic study of conversations by adolescents and adults},
	booktitle = {German(ic) in {Language} {Contact}: {Grammatical} and {Sociolinguistic} {Dynamics}},
	author = {Bracke, Yannic},
	editor = {Zimmer, Christian and Simon, Horst J.}
}

@article{zimmer_siedlungsgeschichte_nodate,
	title = {Siedlungsgeschichte und {Varietätenkontakt}: {Zur} {Entstehung} des {Namdeutschen}},
	journal = {Zeitschrift für Dialektologie und Linguistik},
	author = {Zimmer, Christian}
}

@article{bates_fitting_2015,
	title = {Fitting {Linear} {Mixed}-{Effects} {Models} {Using} \textit{lme4}},
	volume = {67},
	url = {http://www.jstatsoft.org/v67/i01/},
	urldate = {2019-05-15},
	journal = {Journal of Statistical Software},
	author = {Bates, Douglas and Mächler, Martin and Bolker, Ben and Walker, Steve},
	year = {2015},
	pages = {1--48}
}

@book{baayen_analyzing_2008,
	address = {Cambridge},
	title = {Analyzing {Linguistic} {Data}. {A} {Practical} {Introduction} to {Statistics} {Using} {R}},
	publisher = {Cambridge University Press},
	author = {Baayen, R. H.},
	year = {2008}
}

@book{riehl_sprachkontaktforschung_2004,
	address = {Tübingen},
	title = {Sprachkontaktforschung},
	publisher = {Narr},
	author = {Riehl, Claudia Maria},
	year = {2004}
}

@book{bohm_deutsch_2003,
	address = {Frankfurt am Main},
	series = {Duisburger {Arbeiten} zur {Sprach}- und {Kulturwissenschaft}},
	title = {Deutsch in {Afrika}: die {Stellung} der deutschen {Sprache} in {Afrika} vor dem {Hintergrund} der bildungs- und sprachpolitischen {Gegebenheiten} sowie der deutschen auswärtigen {Kulturpolitik}},
	number = {52},
	publisher = {Lang},
	author = {Böhm, Michael Anton},
	year = {2003},
	keywords = {*Deutsch / Fremdsprache / Sprachverbreitung / Afrika / Sprachpolitik / Bildungspolitik, *Deutsch / Sprachverbreitung / Afrika / Deutschland / Auswärtige Kulturpolitik / Geschichte 1871-1999, *German language -- Africa, Africa -- Relations -- Germany, Germany -- Relations -- Africa, Language policy -- Germany},
	file = {Library Catalog Entry Snapshot:C\:\\Users\\chzimmer\\Zotero\\storage\\H68RDQH3\\PPN.html:text/html}
}

@book{kroll-tjingaete_strukturelle_2018,
	address = {Berlin},
	series = {Hochschulschriften},
	title = {Strukturelle {Veränderungen} der deutschen {Sprache} in {Namibia}: eine textanalytische {Untersuchung}},
	number = {51},
	publisher = {trafo},
	author = {Kroll-Tjingaete, Anika},
	year = {2018},
	note = {OCLC: 1050950050}
}

@incollection{shah_german_2018,
	address = {Abingdon \& New York},
	title = {German in {Namibia}},
	booktitle = {Heritage {Language} {Policies} around the {World}},
	publisher = {Routledge},
	author = {Shah, Sheena and Zappen-Thomson, Marianne},
	editor = {Seals, Corinne A. and Shah, Sheena},
	year = {2018},
	pages = {128--147}
}

@article{wiese_german_2017,
	title = {German in {Namibia}: {A} vital speech community and its multilingual dynamics},
	journal = {Language \& Linguistics in Melanesia \textit{(Special issue: }Language Contact in the German Colonies: Papua New Guinea and beyond\textit{; ed. by Péter Maitz \& Craig A. Volker)}},
	author = {Wiese, Heike and Simon, Horst J. and Zimmer, Christian and Schumann, Kathleen},
	year = {2017},
	pages = {221--245}
}

@incollection{putz_official_1995,
	address = {Berlin \& New York},
	series = {Contributions to the sociology of language},
	title = {Official monolingualism in {Africa}},
	number = {69},
	booktitle = {Discrimination through {Language} in {Africa}?},
	publisher = {Mouton de Gruyter},
	author = {Pütz, Martin},
	editor = {Pütz, Martin},
	year = {1995},
	pages = {155--173}
}

@book{nockler_sprachmischung_1963,
	address = {München},
	title = {Sprachmischung in {Südwestafrika}},
	publisher = {Hueber},
	author = {Nöckler, Herbert C.},
	year = {1963}
}

@book{schmidt-lauber_verkehrte_1998,
	address = {Berlin},
	series = {Lebensformen},
	title = {Die verkehrte {Hautfarbe}: {Ethnizität} deutscher {Namibier} als {Alltagspraxis}},
	number = {10},
	publisher = {Reimer},
	author = {Schmidt-Lauber, Brigitta},
	year = {1998},
	keywords = {Social life and customs, Ethnic identity, Ethnic relations, Germans, Namibia}
}

@incollection{kellermeier-rehbein_auf_2018,
	address = {Berlin \& Boston},
	series = {Koloniale und {Postkoloniale} {Linguistik}},
	title = {Auf dem {Weg} zu einer vergleichenden {Kolonialtoponomastik} {Der} {Fall} {Deutsch}-{Südwestafrika}},
	number = {11},
	booktitle = {Sprache und ({Post}){Kolonialismus}. {Linguistische} und interdisziplinäre {Aspekte}},
	publisher = {de Gruyter},
	author = {Stolz, Thomas and Warnke, Ingo H.},
	editor = {Kellermeier-Rehbein, Birte and Schulz, Matthias and Stolberg, Doris},
	year = {2018},
	pages = {71--103}
}

@book{kleiner_atlas_nodate,
	title = {Atlas zur {Aussprache} des deutschen {Gebrauchsstandards} ({AADG}). {Unter} {Mitarbeit} von {Ralf} {Knöbl}},
	url = {http://prowiki.ids-mannheim.de/bin/view/AADG/},
	author = {Kleiner, Stefan}
}

@book{schmidt_sprachdynamik_2011,
	address = {Berlin},
	series = {Grundlagen der {Germanistik}},
	title = {Sprachdynamik: eine {Einführung} in die moderne {Regionalsprachenforschung}},
	number = {49},
	publisher = {Erich Schmidt},
	author = {Schmidt, Jürgen Erich and Herrgen, Joachim},
	year = {2011},
	keywords = {German language, Dialects}
}

@book{ganswindt_landschaftliches_2017,
	address = {Stuttgart},
	series = {Zeitschrift für {Dialektologie} und {Linguistik}. {Beihefte}},
	title = {Landschaftliches {Hochdeutsch}: {Rekonstruktion} der oralen {Prestigevarietät} im ausgehenden 19. {Jahrhundert}},
	number = {168},
	publisher = {Steiner},
	author = {Ganswindt, Brigitte},
	year = {2017},
	keywords = {German language, History, Germany, 19th century, Lexicology, Historical, Linguistic demography}
}

@incollection{radke_role_nodate,
	title = {The role of language contact in mixed-mode group communication. {On} ingroup construction through multilingualism among the {German}-{Namibian} diaspora},
	booktitle = {German(ic) in {Language} {Contact}: {Grammatical} and {Sociolinguistic} {Dynamics}},
	author = {Radke, Henning},
	editor = {Zimmer, Christian and Simon, Horst J.}
}

@article{zimmer_wie_nodate,
	title = {Wie viel {Niederdeutsch} steckt im {Namdeutschen}? {Die} {Rolle} niederdeutscher {Dialekte} beim {Varietätenkontakt} in der ehemaligen {Kolonie} {Deutsch}-{Südwestafrika}},
	volume = {128},
	journal = {Korrespondenzblatt des Vereins für niederdeutsche Sprachforschung},
	author = {Zimmer, Christian}
}

@article{zimmer_sprachliche_nodate,
	title = {Sprachliche {Charakteristika} des {Deutschen} in {Namibia} – ein korpusbasierter Überblick},
	journal = {Sprachwissenschaft},
	author = {Zimmer, Christian}
}

@book{szulc_historische_1987,
	address = {Tübingen},
	series = {Sprachstrukturen},
	title = {Historische {Phonologie} des {Deutschen}},
	isbn = {978-3-484-65006-0},
	number = {6},
	publisher = {Niemeyer},
	author = {Szulc, Aleksander},
	year = {1987},
	keywords = {German language, Phonology History}
}

@book{stellmacher_studien_1977,
	address = {Marburg},
	series = {Deutsche {Dialektgeographie}},
	title = {Studien zur gesprochenen {Sprache} in {Niedersachsen} : eine soziolinguistische {Untersuchung}},
	volume = {82},
	publisher = {Elwert},
	author = {Stellmacher, Dieter},
	year = {1977}
}

@incollection{stearns_contemporary_1979,
	address = {Hamburg},
	title = {The contemporary pronunciation of long {\textless}ä{\textgreater} in {Modern} {Standard} {German}. {A} data-based, computer-assisted analysis},
	booktitle = {Miszellen {VI}},
	author = {Stearns, MacDonald Jr. and Voge, Wilfried},
	editor = {Köster, Jens-Peter},
	year = {1979}
}

@book{schonfeld_sprache_1989,
	address = {Berlin},
	title = {Sprache und {Sprachvariation} in der {Stadt}: zu sprachlichen {Entwicklungen} und zur {Sprachvariation} in {Berlin} und anderen {Städten} im {Nordteil} der {DDR}},
	author = {Schönfeld, Helmut},
	year = {1989}
}

@misc{rstudio_team_rstudio_2020,
	address = {Boston, MA},
	title = {{RStudio}: {Integrated} {Development} for {R}. {RStudio}, {PBC}},
	url = {http://www.rstudio.com/.},
	author = {RStudio Team},
	year = {2020}
}

@misc{r_core_team_r_2020,
	address = {Vienna},
	title = {R: {A} language and environment for statistical computing. {R} {Foundation} for {Statistical} {Computing}},
	url = {https://www.R-project.org/},
	author = {R Core Team},
	year = {2020}
}

@incollection{martens_niederdeutsch-bedingte_1988,
	address = {Wiesbaden},
	title = {Niederdeutsch-bedingte {Abweichungen} von der hochdeutschen {Standard}-{Aussprache}},
	booktitle = {Angewandte {Sprechwissenschaft}},
	author = {Martens, Hiltrud and Martens, Peter},
	editor = {Behme, Helma},
	year = {1988},
	pages = {123--138}
}

@book{lameli_standard_2004,
	address = {Stuttgart},
	series = {Zeitschrift für {Dialektologie} und {Linguistik} {Beihefte}},
	title = {Standard und {Substandard}: {Regionalismen} im diachronen {Längsschnitt}},
	isbn = {978-3-515-08558-8},
	shorttitle = {Standard und {Substandard}},
	language = {ger},
	number = {H. 128},
	publisher = {Steiner},
	author = {Lameli, Alfred},
	year = {2004},
	note = {OCLC: 237852211},
	file = {Table of Contents PDF:C\:\\Users\\chzimmer\\Zotero\\storage\\H2MEHVMI\\Lameli - 2004 - Standard und Substandard Regionalismen im diachro.pdf:application/pdf}
}

@book{herrmann-winter_studien_1979,
	address = {Berlin},
	series = {Sprache und {Gesellschaft}},
	title = {Studien zur gesprochenen {Sprache} im {Norden} der {DDR}: soziolinguistische {Untersuchungen} im {Kreis} {Greifswald}},
	volume = {14},
	publisher = {Akademie-Verl.},
	author = {Herrmann-Winter, Renate},
	year = {1979}
}

@article{elmentaler_varietatendynamik_2008,
	title = {Varietätendynamik in {Norddeutschland}},
	volume = {22},
	issn = {1865-939X, 0933-1883},
	url = {http://www.degruyter.com/view/j/solin.2008.22.issue-1/9783484605299.66/9783484605299.66.xml},
	doi = {10.1515/9783484605299.66},
	number = {1},
	urldate = {2019-10-16},
	journal = {Sociolinguistica},
	author = {Elmentaler, Michael},
	month = dec,
	year = {2008},
	pages = {66--86}
}

@book{clyne_german_1995,
	address = {Cambridge ; New York, NY},
	title = {The {German} language in a changing {Europe}},
	isbn = {978-0-521-46269-3 978-0-521-49970-5},
	publisher = {Cambridge University Press},
	author = {Clyne, Michael G.},
	year = {1995},
	keywords = {German language, Social aspects, Sociolinguistics, Dialects, Europe, German-speaking}
}

@incollection{eichinger_regionale_2008,
	address = {Bad Feilnbach},
	edition = {Reprint},
	series = {Jahrbuch / {Institut} für {Deutsche} {Sprache}},
	title = {Regionale {Gebrauchsstandard} - {Gibt} es sie und wie kann man sie beschreiben?},
	isbn = {978-3-11-018256-9},
	language = {ger},
	number = {2004},
	booktitle = {Standardvariation: wie viel {Variation} verträgt die deutsche {Sprache}? ; [... {Fragestellungen} und {Ergebnisse} der 40. {Jahrestagung} des {Instituts} für {Deutsche} {Sprache}, {Mannheim}]},
	publisher = {Schmidt Periodicals},
	author = {Berend, Nina},
	editor = {Eichinger, Ludwig M. and Kallmeyer, Werner},
	year = {2008},
	note = {OCLC: 254690148},
	pages = {143--170}
}

@incollection{scheel_hamburger_1963,
	address = {Berlin},
	title = {Hamburger {Missingsch}},
	booktitle = {Festgabe für {Ulrich} {Pretzel} zum 65. {Geburtstag}, dargebracht von {Freunden} und {Schülern}},
	author = {Scheel, Käthe},
	editor = {Simon, Werner and Bachofer, Wolfgang and Dittmann, Wolfgang},
	year = {1963},
	pages = {381--389}
}

@book{rosenberg_berliner_1986,
	address = {Tübingen},
	series = {Reihe {Germanistische} {Linguistik}},
	title = {Der {Berliner} {Dialekt}, und seine {Folgen} für die {Schüler}: {Geschichte} und {Gegenwart} der {Stadtsprache} {Berlins} sowie eine empirische {Untersuchung} der {Schulprobleme} dialektsprechender {Berliner} {Schüler}},
	isbn = {978-3-484-31068-1},
	shorttitle = {Der {Berliner} {Dialekt}, und seine {Folgen} für die {Schüler}},
	number = {68},
	publisher = {M. Niemeyer},
	author = {Rosenberg, Klaus-Peter},
	year = {1986},
	keywords = {Berlin dialect; consequences; students speaking dialect}
}

@article{putz_sudwesterdeutsch_1991,
	title = {'{Südwesterdeutsch}' in {Namibia}: {Sprachpolitik}, {Sprachplanung} und {Spracherhalt}},
	volume = {136},
	journal = {Linguistische Berichte},
	author = {Pütz, Martin},
	year = {1991},
	pages = {455--476}
}

@book{pfeffer_grunddeutsch_1975,
	address = {Tübingen},
	series = {Forschungsberichte ({Institut} für {Deutsche} {Sprache})},
	title = {Grunddeutsch: {Erarbeitung} u. {Wertung} dreier dt. {Korpora}: e. {Bericht} aus d. {Inst}. for {Basic} {German}, {Pittsburgh}},
	isbn = {978-3-87808-627-7},
	shorttitle = {Grunddeutsch},
	number = {Bd. 27},
	publisher = {TBL-Verlag Narr},
	author = {Pfeffer, J. Alan},
	collaborator = {Pittsburgh},
	year = {1975},
	keywords = {German language, Study and teaching}
}

@book{mihm_sprachgeschichte_2000,
	address = {Berlin \& New York},
	title = {Sprachgeschichte: ein {Handbuch} zur {Geschichte} der deutschen {Sprache} und ihrer {Erforschung}. 2. {Teilband}},
	isbn = {978-3-11-015882-3},
	shorttitle = {Sprachgeschichte},
	publisher = {Walter de Gruyter},
	author = {Mihm, Arend},
	editor = {Besch, Werner and Betten, Anne and Reichmann, Oskar and Sonderegger, Stefan},
	year = {2000},
	file = {Table of Contents PDF:C\:\\Users\\chzimmer\\Zotero\\storage\\FYVGY2UI\\Sprachgeschichte ein Handbuch zur Geschichte der .pdf:application/pdf}
}

@article{lauf_regional_1996,
	title = {"{Regional} markiert": {Grossräumliche} {Umgangssprache}(n) im niederdeutschen {Raum}},
	volume = {119},
	journal = {Niederdeutsches Jahrbuch},
	author = {Lauf, Raphaela},
	year = {1996},
	pages = {193--218}
}

@book{konig_atlas_nodate,
	address = {Ismaning},
	title = {Atlas zur {Aussprache} des {Schriftdeutschen} in der {Bundesrepublik} {Deutschland}. {Bd}. 1: {Text}},
	isbn = {978-3-19-001415-6},
	shorttitle = {Atlas zur {Aussprache} des {Schriftdeutschen} in der {Bundesrepublik} {Deutschland}. {Bd}. 1},
	language = {ger},
	publisher = {Hueber},
	author = {König, Werner},
	note = {OCLC: 310904672}
}

@book{konig_atlas_nodate-1,
	address = {Ismaning},
	edition = {1. Aufl},
	series = {Sprachen der {Welt}},
	title = {Atlas zur {Aussprache} des {Schriftdeutschen} in der {Bundesrepublik} {Deutschland}. 2: {Tabellen} und {Karten}},
	isbn = {978-3-19-001416-3},
	shorttitle = {Atlas zur {Aussprache} des {Schriftdeutschen} in der {Bundesrepublik} {Deutschland}. 2},
	language = {ger},
	publisher = {Hueber},
	author = {König, Werner},
	note = {OCLC: 310904705}
}

@book{kleiner_duden_2015,
	address = {Berlin : Mannheim},
	edition = {7., komplett überarbeitete und aktualisierte Auflage},
	series = {Der {Duden} in zwölf {Bänden}},
	title = {Duden, das {Aussprachewörterbuch}},
	isbn = {978-3-411-04067-4},
	number = {Band 6},
	publisher = {Dudenverlag ; Institut für Deutsche Sprache},
	editor = {Kleiner, Stefan and Knöbl, Ralf and Dudenredaktion (Bibliographisches Institut) and Institut für Deutsche Sprache},
	year = {2015},
	note = {OCLC: ocn924616002},
	keywords = {German language, Dictionaries, Pronunciation}
}

@misc{elspas_atlas_nodate,
	title = {Atlas der deutschen {Alltagssprache}},
	url = {http://www. atlas-alltagssprache. de},
	urldate = {2019-10-13},
	author = {Elspaß, Stephan and Möller, Robert}
}

@book{elmentaler_norddeutscher_2015,
	address = {Hildesheim ; New York},
	series = {Deutsche {Dialektgeographie}},
	title = {Norddeutscher {Sprachatlas} ({NOSA})},
	isbn = {978-3-487-15329-2},
	number = {113},
	publisher = {Georg Olms Verlag},
	author = {Elmentaler, Michael and Rosenberg, Peter},
	collaborator = {Sprachvariation in Norddeutschland (Project)},
	year = {2015},
	note = {OCLC: ocn926673842},
	keywords = {German language, Variation, Areal linguistics, Germany, Northern, Maps}
}

@incollection{eichinger_deutsche_2007,
	address = {Berlin},
	title = {Das {Deutsche} im alltäglichen  {Leben}. {Zur} {Bedeutung} regionaler {Differenzen} im heutigen standardnahen {Deutsch}},
	booktitle = {Finnisch-deutsche {Begegnungen} in {Sprache}, {Literatur} und {Kultur}. {Ausgwählte} {Beiträge} der {Finnischen} {Germanistentagung} 2007},
	publisher = {Saxa},
	author = {Eichinger, Ludwig M.},
	editor = {Hall, Christopher and Seyferth, Sebastian},
	year = {2007},
	pages = {12--35}
}

@article{deumert_settler_2018,
	title = {Settler colonialism speaks: {Early} contact varieties in {Namibia} during {German} colonial rule},
	volume = {2},
	issn = {2452-1949, 2452-2147},
	shorttitle = {Settler colonialism speaks},
	url = {http://www.jbe-platform.com/content/journals/10.1075/le.18006.deu},
	doi = {10.1075/le.18006.deu},
	language = {en},
	number = {1-2},
	urldate = {2019-11-21},
	journal = {Language Ecology},
	author = {Deumert, Ana},
	month = nov,
	year = {2018},
	pages = {91--111}
}

@incollection{boas_variation_2016,
	address = {Göttingen : [Wien]},
	edition = {1st},
	series = {Wiener {Arbeiten} zur {Linguistik}},
	title = {Variation im {Texasdeutschen}: {Implikationen} für eine vergleichende {Sprachinselforschung}},
	volume = {4},
	isbn = {978-3-7370-0597-5},
	booktitle = {German {Abroad}},
	publisher = {V\&R unipress},
	author = {Boas, Hans C.},
	year = {2016},
	pages = {11--44}
}

@phdthesis{becker_ruhrdeutsch_2003,
	type = {Dissertation},
	title = {Ruhrdeutsch - die {Sprache} des {Ruhrgebiets} in einer umfassenden {Analyse}},
	school = {Universität Freiburg/Br.},
	author = {Becker, Anne Katrin},
	year = {2003}
}

@article{auer_hamburger_1998,
	title = {Hamburger {Phonologie}. {Eine} variationslinguistische {Skizze} zur {Stadtsprache} der {Hansestadt} heute},
	volume = {65},
	journal = {Zeitschrift  für  Dialektologie und Linguistik},
	author = {Auer, Peter},
	year = {1998},
	pages = {179--197}
}
