@incollection{Hoder.2018,
  author = {H{\"o}der, Steffen},
  title = {Grammar is community-specific: Background and basic concepts
of Diasystematic Construction Grammar},
  pages = {37--70},
  publisher = {Benjamins},
  isbn = {9789027201713},
  series = {Constructional Approaches to Language},
  editor = {Boas, Hans C. and H{\"o}der, Steffen},
  booktitle = {Constructions in contact. Constructional perspectives on
contact phenomena in Germanic languages},
  year = {2018},
  address = {Amsterdam and Philadelphia}
}


@incollection{Hoder.2020,
  author = {H{\"o}der, Steffen and Winter, Christoph},
  title = {Deutsches im S{\"u}dj{\"u}tischen, S{\"u}dj{\"u}tisch im
deutschen Dialektatlas. Zur Validit{\"a}t der s{\"u}dj{\"u}tischen
Wenker-Materialien},
  pages = {57--96},
  publisher = {Olms},
  isbn = {9783487159348},
  series = {Deutsche Dialektgeographie},
  editor = {Fleischer, J{\"u}rg and Lameli, Alfred and Schiller,
Christiane and Szucsich, Luka},
  booktitle = {Minderheitensprachen und Sprachminderheiten. Deutsch und
seine Kontaktsprachen in der Dokumentation der Wenker-Materialien},
  year = {2020},
  address = {Hildesheim and Z{\"u}rich and New York}
}


@incollection{Hoekstra.2009,
  author = {Hoekstra, Jarich},
  title = {The `and' + infinitive construction in the North Frisian-Low
German-Danish language contact area},
  pages = {245--272},
  publisher = {Steiner},
  isbn = {978-3-515-09372-9},
  series = {Zeitschrift f{\"u}r Dialektologie und Linguistik. Beihefte},
  editor = {Lenz, Alexandra N. and Gooskens, Charlotte and Reker, Siemon},
  booktitle = {Low Saxon dialects across borders},
  year = {2009},
  address = {Stuttgart}
}


@book{Hoffmann.2013,
  year = {2013},
  title = {The Oxford handbook of construction grammar},
  address = {Oxford and New York},
  publisher = {{Oxford University Press}},
  isbn = {9780195396683},
  editor = {Hoffmann, Thomas and Trousdale, Graeme}
}


@incollection{Holzl.2018,
  author = {H{\"o}lzl, Andreas},
  title = {Constructionalization areas. The case of negation in Manchu},
  pages = {241--276},
  publisher = {Benjamins},
  isbn = {9789027264169},
  series = {Constructional Approaches to Language},
  editor = {Couss{\'e}, Evie and Andersson, Peter and Olofsson, Joel},
  booktitle = {Grammaticalization meets construction grammar},
  year = {2018},
  address = {Amsterdam and Philadelphia}
}


@book{Jrgensen.1950,
  author = {J{\o}rgensen, Hans},
  year = {1950},
  title = {Alsisk forml{\ae}re},
  address = {K{\o}benhavn},
  volume = {9},
  publisher = {Schultz},
  series = {Udvalg for Folkemaals publikationer. Serie A}
}


@article{JulNielsen.1986,
  author = {{Jul Nielsen}, Bent},
  year = {1986},
  title = {Om pronominet sin i jysk},
  pages = {41--101},
  volume = {28},
  journal = {Danske folkem{\aa}l}
}


@book{JulNielsen.1995,
  year = {1995},
  title = {Ordbog over den danske dialekt i Angel: Med en indledning om
dialektens udtrykssystem},
  address = {K{\o}benhavn},
  volume = {33},
  publisher = {Reitzel},
  isbn = {87-7421-947-2},
  series = {Institut for Dansk Dialektforsknings publikationer. Serie A},
  editor = {{Jul Nielsen}, Bent and Nyberg, Magda}
}


@incollection{Konig.2001,
  author = {K{\"o}nig, Ekkehard},
  title = {Internal and external possessors},
  pages = {970--978},
  publisher = {{de Gruyter}},
  isbn = {3-11-017154-6},
  series = {Handb{\"u}cher zur Sprach- und Kommunikationswissenschaft},
  editor = {Haspelmath, Martin and K{\"o}nig, Ekkehard and
Oesterreicher, Wulf and Raible, Wolfgang},
  booktitle = {Sprachtypologie und sprachliche Universalien. Ein
internationales Handbuch},
  year = {2001},
  address = {Berlin and New York}
}


@incollection{KoptjevskajaTamm.2001,
  author = {Koptjevskaja-Tamm, Maria},
  title = {Adnominal possession},
  pages = {960--970},
  publisher = {{de Gruyter}},
  isbn = {3-11-017154-6},
  series = {Handb{\"u}cher zur Sprach- und Kommunikationswissenschaft},
  editor = {Haspelmath, Martin and K{\"o}nig, Ekkehard and
Oesterreicher, Wulf and Raible, Wolfgang},
  booktitle = {Sprachtypologie und sprachliche Universalien. Ein
internationales Handbuch},
  year = {2001},
  address = {Berlin and New York}
}


@article{Hoder.2019,
  author = {H{\"o}der, Steffen},
  year = {2019},
  title = {Phonological schematicity in multilingual constructions: a
diasystematic perspective on lexical form},
  pages = {334--352},
  volume = {12},
  issn = {1750-1245},
  journal = {Word Structure},
  doi = {10.3366/word.2019.0152}
}


@incollection{Kornbrot.2014,
  author = {Kornbrot, Diana},
  title = {Point Biserial Correlation},
  publisher = {Wiley},
  isbn = {9781118445112},
  booktitle = {Wiley StatsRef. Statistics Reference Online},
  year = {2014},
  doi = {10.1002/9781118445112.stat06227}
}


@book{Kuteva.2019,
  abstract = {Extensively revised and updated, this second edition
provides, in an A-Z format, an analysis of the most important
generalizations that have been made on the unidirectional change of
grammatical forms and constructions. Based on the analysis of more than
1,000 languages, it reconstructs over 500 processes of grammatical
change in the languages of the world, including East Asian languages
such as Chinese, Korean and Japanese. Readers are provided with the
tools to discover how lexical and grammatical meanings can be related to
one another in a principled way, how such issues as polysemy,
heterosemy, and transcategoriality are dealt with, and why certain
linguistic forms have simultaneous lexical and grammatical functions.
Definitions of lexical concepts are provided with examples from a broad
variety of languages, and references to key relevant research
literature. Linguists and other scholars will gain a better
understanding of languages on a worldwide scale.},
  author = {Kuteva, Tania and Heine, Bernd and {Bo Hong} and {Haiping
Long} and Narrog, Heiko and {Seongha Rhee}},
  year = {2019},
  title = {World lexicon of grammaticalization},
  address = {Cambridge},
  edition = {2nd, extensively rev. and updated edn.},
  publisher = {{Cambridge University Press}},
  isbn = {1316501760},
  originalyear = {Cambridge 2002}
}


@article{Laur.1975,
  author = {Laur, Wolfgang},
  year = {1975},
  title = {Der Infinitiv mit {\glq}und{\grq} statt {\glq}zu{\grq} im
Schleswigschen},
  pages = {299--309},
  volume = {85},
  journal = {Muttersprache}
}


@incollection{Matras.2010,
  author = {Matras, Yaron},
  title = {Contact, convergence, and typology},
  pages = {66--85},
  publisher = {Wiley-Blackwell},
  isbn = {978-1-4051-7580-7},
  editor = {Hickey, Raymond},
  booktitle = {The handbook of language contact},
  year = {2010},
  address = {Malden and u. a.}
}


@book{Matras.2020,
  author = {Matras, Yaron},
  year = {2020},
  title = {Language contact},
  address = {Cambridge and u. a.},
  edition = {2nd edn.},
  publisher = {{Cambridge University Press}},
  isbn = {9781108440080},
  originalyear = {2009}
}


@incollection{Nesse.1998,
  author = {Nesse, Agnete},
  title = {Mellom l{\aa}n og hjemlig utvikling. Den s{\aa}kalte
garpegenitiven som spr{\aa}kkontaktresultat},
  pages = {121--138},
  publisher = {{Nordisk Ministerr{\aa}d}},
  isbn = {92-893-0167-8},
  series = {Nord},
  editor = {Jahr, Ernst H{\aa}kon},
  booktitle = {Spr{\aa}kkontakt i Norden i middelalderen, s{\ae}rlig i
Hansatiden. Forskningsprogrammet Norden og Europa},
  year = {1998},
  address = {K{\o}benhavn}
}


@incollection{Pedersen.1995,
  author = {Pedersen, Karen Margrethe},
  title = {Mojn eller moin},
  pages = {229--239},
  publisher = {{Institut for Nordisk Sprog og Litteratur, Aarhus
Universitet}},
  editor = {Kun{\o}e, Mette and Larsen, Erik Vive},
  booktitle = {5. m{\o}de om udforskningen af dansk sprog. Aarhus
Universitet, 13.--14. oktober 1994},
  year = {1995},
  address = {{\AA}rhus}
}


@misc{Rasmussen.1965,
  author = {Rasmussen, Ove and S{\o}rensen, Viggo and Arboe, Torben and
{Schoonderbeek Hansen}, Inger and Gr{\o}ftehauge, Nina K.},
  year = {1965--},
  title = {Jysk ordbog},
  url = {www.jyskordbog.dk}
}


@book{Schiller.18751881,
  year = {1875--1881},
  title = {Mittelniederdeutsches W{\"o}rterbuch},
  address = {Bremen},
  publisher = {K{\"u}htmann},
  editor = {Schiller, Karl and L{\"u}bben, August}
}


@book{Skautrup.1947,
  author = {Skautrup, Peter},
  year = {1947},
  title = {Det danske sprogs historie: 2:~Fra unionsbrevet til Danske Lov},
  address = {K{\o}benhavn},
  publisher = {Gyldendal}
}


@incollection{Kuhl.2015,
  author = {K{\"u}hl, Karoline},
  title = {South Schleswig Danish: Caught between privileges and disregard},
  pages = {243--256},
  publisher = {Lang},
  isbn = {9783631664339},
  series = {{\"O}sterreichisches Deutsch. Sprache der Gegenwart},
  editor = {Muhr, Rudolf and Marley, Dawn},
  booktitle = {Pluricentric languages. New perspectives in theory and
description},
  year = {2015},
  address = {Frankfurt and New York}
}


@incollection{Hoder.2019b,
  author = {H{\"o}der, Steffen},
  title = {Die deutsch-d{\"a}nische Grenze von 1920 als Z{\"a}sur},
  pages = {55--76},
  publisher = {{de Gruyter}},
  isbn = {9783110571110},
  series = {Linguistik -- Impulse {\&} Tendenzen},
  editor = {Palliwoda, Nicole and Sauer, Verena and Sauermilch, Stephanie},
  booktitle = {Politische Grenzen -- Sprachliche Grenzen?
Dialektgeographische und wahrnehmungsdialektologische Perspektiven im
deutschsprachigen Raum},
  year = {2019},
  address = {Berlin and Boston},
  doi = {10.1515/9783110571110-004}
}


@incollection{Wenker.2013,
  author = {Wenker, Georg},
  title = {Einleitung},
  pages = {1--24},
  publisher = {Olms},
  isbn = {978-3-487-14996-7},
  editor = {Lameli, Alfred},
  booktitle = {Schriften zum Sprachatlas des Deutschen~Reichs:
Gesamtausgabe. Hg. u. bearb. von Alfred Lameli. Unter Mitarb. von
Johanna~Heil u.~Constanze Wellendorf},
  year = {2013},
  address = {Hildesheim and Z{\"u}rich and New York}
}


@book{Gunleifsen.2011,
  author = {Gunleifsen, Elin},
  year = {2011},
  title = {Attributive uttrykk for prototypisk possessivitet. En
komparativ studie av talespr{\aa}klig variasjon og endring i
Kristiansand og Arendal},
  address = {Oslo},
  publisher = {Novus},
  isbn = {9788270996223}
}


@incollection{Eliasson.2013,
  author = {Eliasson, Stig},
  title = {Language ecology in the work of Einar Haugen},
  pages = {15--63},
  publisher = {Novus},
  isbn = {827099748X},
  editor = {Vandenbussche, Wim and Jahr, Ernst H{\aa}kon and Trudgill,
Peter},
  booktitle = {Language ecology for the 21st century. Linguistic
conflicts and social environments},
  year = {2013},
  address = {Oslo}
}


@book{Grosjean.2008,
  author = {Grosjean, Fran{\c{c}}ois},
  year = {2008},
  title = {Studying bilinguals},
  address = {Oxford and u. a.},
  publisher = {{Oxford University Press}},
  isbn = {978-0-19-928129-9}
}


@incollection{Hoder.2016,
  author = {H{\"o}der, Steffen},
  title = {Niederdeutsche Form, unspezifische Struktur. Diasystematische
Konstruktionen in der deutsch-d{\"a}nischen Kontaktzone},
  pages = {293--309},
  publisher = {B{\"o}hlau},
  isbn = {3412507105},
  series = {Niederdeutsche Studien},
  editor = {Spiekermann, Helmut H. and Hohenstein, Line-Marie and
Sauermilch, Stephanie and Weber, Kathrin},
  booktitle = {Niederdeutsch: Grenzen, Strukturen, Variation},
  year = {2016},
  address = {Wien and K{\"o}ln and Weimar}
}


@incollection{Diessel.2019,
  author = {Diessel, Holger},
  title = {Usage-based construction grammar},
  pages = {50--80},
  publisher = {{de Gruyter}},
  isbn = {9783110622980},
  editor = {D{\k{a}}browska, Ewa and Divjak, Dagmar},
  booktitle = {Cognitive linguistics},
  year = {2019},
  address = {Berlin and Boston}
}


@incollection{Haspelmath.1999,
  author = {Haspelmath, Martin},
  title = {External possession in a European areal perspective},
  pages = {109--135},
  publisher = {Benjamins},
  series = {Typological Studies in Language},
  editor = {Payne, Doris L. and Barshi, Immanuel},
  booktitle = {External possession},
  year = {1999},
  address = {Amsterdam and Philadelphia}
}


@incollection{Dahl.2000,
  author = {Dahl, {\"O}sten},
  title = {The grammar of future time reference in European languages},
  pages = {309--328},
  publisher = {{Mouton de Gruyter}},
  isbn = {3-11-0157-52-7},
  series = {Empirical Approaches to Language Typology},
  editor = {Dahl, {\"O}sten},
  booktitle = {Tense and aspect in the languages of Europe},
  year = {2000},
  address = {Berlin and New York}
}


@incollection{Fredsted.2009,
  author = {Fredsted, Elin},
  title = {Sprachen und Kulturen in Kontakt -- deutsche und d{\"a}nische
Minderheiten in S{\o}nderjylland/Schleswig},
  pages = {1--23},
  publisher = {Brockmeyer},
  isbn = {978-3-8196-0730-1},
  series = {Diversitas linguarum},
  editor = {Stolz, Christel},
  booktitle = {Neben Deutsch. Die autochthonen Minderheiten- und
Regionalsprachen Deutschlands},
  year = {2009},
  address = {Bochum}
}


@article{Haugen.1971,
  author = {Haugen, Einar},
  year = {1971},
  title = {The ecology of language},
  pages = {19--26},
  volume = {13},
  number = {supplement 25},
  journal = {The Linguistic Reporter}
}


@book{Hilpert.2019,
  abstract = {What do speakers of English know in order to produce
utterances that other speakers will understand? Construction Grammar
explains how knowledge of language is organized in speakers' minds. The
central and radical claim of Construction Grammar is that linguistic
knowledge can be fully described as knowledge of constructions, which
are defined as symbolic units that connect a linguistic form with
meaning. The implications of this claim are far-reaching: in
Construction Grammar, not only lexical items, but also syntactic
patterns are seen as symbolic, meaningful units. Instead of being
meaningless structural templates, syntactic patterns actively contribute
to the overall meaning of an utterance. Knowledge of language is thought
of as a vast repository of interrelated symbolic units, and nothing else
in addition. This book expands on this idea and familiarizes readers
with the central concepts of Construction Grammar, as applied to English
constructions. In the process, it explains how the theory of
Construction Grammar relates to issues of language processing, language
acquisition, and language variation and change.},
  author = {Hilpert, Martin},
  year = {2019},
  title = {Construction Grammar and its application to English},
  address = {Edinburgh},
  edition = {2nd edn.},
  publisher = {{Edinburgh University Press}},
  isbn = {9781474433617},
  originalyear = {Edinburgh 2014}
}


@misc{Hoder.,
  author = {H{\"o}der, Steffen},
  title = {Ut ur skymundan! Nya perspektiv p{\aa} gamla data: det danska
Wenkermaterialet: Invited lecture},
  address = {Bergen},
  series = {Sone 2020},
  institutions = {{Universitetet i Bergen}}
}


@incollection{Auer.2011,
  author = {Auer, Peter},
  title = {Dialect vs. standard:~a typology of scenarios in Europe},
  pages = {485--500},
  publisher = {{De Gruyter Mouton}},
  isbn = {978-3-11-022025-4},
  series = {The World of Linguistics},
  editor = {Kortmann, Bernd and van der Auwera, Johan},
  booktitle = {The languages and linguistics of Europe. A comprehensive
guide},
  year = {2011},
  address = {Berlin and Boston}
}


@incollection{Hoder.2012,
  author = {H{\"o}der, Steffen},
  title = {Multilingual constructions: a diasystematic approach to
common structures},
  pages = {241--257},
  publisher = {Benjamins},
  isbn = {9789027219336},
  series = {Hamburg Studies on Multilingualism},
  editor = {Braunm{\"u}ller, Kurt and Gabriel, Christoph},
  booktitle = {Multilingual individuals and multilingual societies},
  year = {2012},
  address = {Amsterdam and Philadelphia}
}


@incollection{Hoder.2014,
  author = {H{\"o}der, Steffen},
  title = {Constructing diasystems. Grammatical organisation in
bilingual groups},
  pages = {137--152},
  publisher = {Benjamins},
  isbn = {9789027259196},
  series = {Studies in Language Companion Series},
  editor = {{\AA}farli, Tor A. and M{\ae}hlum, Brit},
  booktitle = {The sociolinguistics of grammar},
  year = {2014},
  address = {Amsterdam and Philadelphia}
}


@article{Hoder.2016b,
  author = {H{\"o}der, Steffen},
  year = {2016},
  title = {Niederdeutsch und Nordeuropa: Eine Ann{\"a}herung an
grammatische Arealit{\"a}t im Norden Europas},
  pages = {103--129},
  volume = {139},
  journal = {Niederdeutsches Jahrbuch}
}


@book{Christophersen.1985,
  author = {Christophersen, Hans},
  year = {1985},
  title = {Det danske sprog i Sydslesvig},
  address = {Birker{\o}d},
  publisher = {Rostra}
}


@book{Fleischer.2017,
  author = {Fleischer, J{\"u}rg},
  year = {2017},
  title = {Geschichte, Anlage und Durchf{\"u}hrung der
Fragebogen-Erhebungen von Georg Wenkers 40 S{\"a}tzen. Dokumentation,
Entdeckungen und Neubewertungen},
  address = {Hildesheim and Z{\"u}rich and New York},
  volume = {123},
  publisher = {Olms},
  isbn = {978-3-487-15616-3},
  series = {Deutsche Dialektgeographie}
}


@incollection{Aikhenvald.2006,
  author = {Aikhenvald, Alexandra Y.},
  title = {Grammars in contact. A cross-linguistic perspective},
  keywords = {Areallinguistik;Grammatik;Sprachkontakt},
  pages = {1--66},
  publisher = {{Oxford University Press}},
  isbn = {0-19-920783-6},
  series = {Explorations in Linguistic Typology},
  editor = {Aikhenvald, Alexandra Y. and Dixon, R[obert] M. W.},
  booktitle = {Grammars in contact. A cross-linguistic typology},
  year = {2007},
  address = {Oxford and u. a.}
}


@incollection{Braunmuller.2005,
  author = {Braunm{\"u}ller, Kurt},
  title = {Language contacts in the Late Middle Ages and in Early Modern
Times},
  pages = {1222--1233},
  publisher = {{de Gruyter}},
  isbn = {3-11-017149-X},
  series = {Handb{\"u}cher zur Sprach- und Kommunikationswissenschaft},
  editor = {Bandle, Oskar and Braunm{\"u}ller, Kurt and Jahr, Ernst
H{\aa}kon and Karker, Allan and Naumann, Hans-Peter and Teleman, Ulf},
  booktitle = {The Nordic languages. An international handbook of the
history of the North Germanic languages},
  year = {2005},
  address = {Berlin and New York},
  doi = {10.1515/9783110197068-017}
}


@book{Goldberg.2006,
  author = {Goldberg, Adele E.},
  year = {2006},
  title = {Constructions at work. The nature of generalization in language},
  address = {Oxford and u. a.},
  publisher = {{Oxford University Press}},
  isbn = {978-0-19-9268511}
}


@book{Harbert.2007,
  author = {Harbert, Wayne},
  year = {2007},
  title = {The Germanic languages},
  address = {Cambridge and u. a.},
  publisher = {{Cambridge University Press}},
  isbn = {0521015111}
}


@incollection{Haspelmath.2001b,
  author = {Haspelmath, Martin},
  title = {The European linguistic area: Standard Average European},
  pages = {1492--1510},
  publisher = {{de Gruyter}},
  isbn = {3-11-017154-6},
  series = {Handb{\"u}cher zur Sprach- und Kommunikationswissenschaft},
  editor = {Haspelmath, Martin and K{\"o}nig, Ekkehard and
Oesterreicher, Wulf and Raible, Wolfgang},
  booktitle = {Sprachtypologie und sprachliche Universalien. Ein
internationales Handbuch},
  year = {2001},
  address = {Berlin and New York}
}


@book{Heine.2005,
  author = {Heine, Bernd and Kuteva, Tania},
  year = {2005},
  title = {Language contact and grammatical change},
  address = {Cambridge and u. a.},
  publisher = {{Cambridge University Press}},
  isbn = {0-521-60828-7}
}


@article{Hoder.25.5.2010,
  author = {H{\"o}der, Steffen},
  year = {2011},
  title = {Niederdeutsch und Norddeutsch -- ein Fall von
Diasystematisierung},
  pages = {113--136},
  volume = {134},
  journal = {Niederdeutsches Jahrbuch}
}


@book{Thomason.1988,
  author = {Thomason, Sarah Grey and Kaufman, Terrence},
  year = {1988},
  title = {Language contact, creolization, and genetic linguistics},
  address = {Berkeley and Los Angeles and Oxford},
  publisher = {{University of California Press}},
  isbn = {0520057899}
}
