
@article{hausler_zur_2017,
	title = {Zur {Varietät} des {Deutschen} in {Namibia}},
	volume = {136},
	journal = {Zeitschrift für deutsche Philologie},
	author = {Häusler, Sabine},
	year = {2017},
	file = {Häusler - 2017 - Zur Varietät des Deutschen in Namibia.pdf:C\:\\Users\\ovu19605\\Zotero\\storage\\F65THJRL\\Häusler - 2017 - Zur Varietät des Deutschen in Namibia.pdf:application/pdf}
}

@incollection{radke_hat_nodate,
	address = {Heidelberg},
	series = {Amsterdam {German} {Studies}},
	title = {Hat {Sprache} einen {Körper} an sich? {Was} {Sprachkontaktphänomene} über die {Körperlichkeit} von {Sprache} verraten},
	booktitle = {Verkörperte {Textualität}},
	publisher = {Synchron},
	author = {Radke, Henning},
	editor = {Dauven‐van Knippenberg, Carla and Parr, Rolf and Moser, Christian and Wagner-Egelhaaf, Martina}
}

@incollection{kellermeier-rehbein_namslang_2015,
	address = {Frankfurt am Main},
	title = {Namslang - {Deutsche} {Jugendsprache} in {Namibia}?},
	booktitle = {Sprachvariation und {Sprachreflexion} in interkulturellen {Kontexten}},
	publisher = {Peter Lang},
	author = {Kellermeier-Rehbein, Birte},
	editor = {Peschel, Corinna and Runschke, Kerstin},
	year = {2015},
	pages = {41--62}
}

@article{wiese_german_2017,
	title = {German in {Namibia}: {A} vital speech community and its multilingual dynamics},
	url = {Einsehbar in www.academia.edu/34564624/German_in_Namibia_A_vital_speech_community_and_its_multilingual_dynamics_1 (2.12.2017)},
	author = {Wiese, Heike and Simon, Horst and Zimmer, Christian and Schumann, Kathleen},
	year = {2017}
}

@book{nockler_sprachmischung_1963,
	address = {München},
	title = {Sprachmischung in {Südwestafrika}},
	publisher = {Hueber},
	author = {Nöckler, Herbert},
	year = {1963}
}

@article{wiese_deutsch_2014,
	title = {Deutsch im mehrsprachigen {Kontext}: {Beobachtungen} zu lexikalisch-grammatischen {Entwicklungen} im {Namdeutschen} und im {Kiezdeutschen}},
	volume = {81},
	issn = {0044-1449},
	shorttitle = {{DEUTSCH} {IM} {MEHRSPRACHIGEN} {KONTEXT}},
	url = {http://www.jstor.org/stable/43821602},
	abstract = {Based on corpus data and the results of a linguistic survey, we will examine grammatical and lexical developments in two relatively new varieties of Modern German: Kiezdeutsch and Namdeutsch. Both varieties are spoken in multilingual speech communities in Germany and Namibia respectively. In spite of considerable differences in the contact languages involved, the social backgrounds of the speakers and other differences, our comparison shows that the inovations have a series of conspicuous similarities. For example, gibs has developed into an element similar to a particle indicating existance and so functions as a focus marker. New particles are also being borrowed. Furthermore, in the course of a semantic-pragmatic development, the article in (ein) bisschen or bietje/bikkie has been gradually disappearing. In comparison to the German spoken in monolingual contexts, the relatively strong changes in Kiezdeutsch and Namdeutsch bear witness to the highly innovative power of these varieties. In addition, the parallelism of the developments in the domains studied here indicates fundamental tendencies of the internal structure of German.},
	number = {3},
	urldate = {2017-10-04},
	journal = {Zeitschrift für Dialektologie und Linguistik},
	author = {Wiese, Heike and Simon, Horst and Zappen-Thomson, Marianne and Schumann, Kathleen},
	year = {2014},
	pages = {274--307},
	file = {WieseSimonZappenThomsonSchumann_Namdeutsch-Kiezdeutsch.pdf:C\:\\Users\\ovu19605\\Zotero\\storage\\7Y6FI9B8\\WieseSimonZappenThomsonSchumann_Namdeutsch-Kiezdeutsch.pdf:application/pdf}
}

@book{ammon_variantenworterbuch_2016,
	address = {Berlin ; Boston},
	edition = {2., völlig neu bearbeitete und erweiterte Auflage},
	title = {Variantenwörterbuch des {Deutschen}: die {Standardsprache} in Österreich, der {Schweiz}, {Deutschland}, {Liechtenstein}, {Luxemburg}, {Ostbelgien} und {Südtirol} sowie {Rumänien}, {Namibia} und {Mennonitensiedlungen}},
	isbn = {978-3-11-024544-8},
	shorttitle = {Variantenwörterbuch des {Deutschen}},
	url = {http://dx.doi.org/10.1515/9783110245448},
	abstract = {Die neu bearb. 2. Auflage des Variantenwörterbuchs dokumentiert ca. 12.000 Wörter/Wendungen des Standarddeutschen mit national oder regional eingeschränkter Verbreitung oder Differenzen im Gebrauch sowie ihre gemeindeutschen Entsprechungen. Erfasst sind außer den Ländern/Regionen mit Deutsch als Amtssprache auch deutschsprachige Minderheiten. Neu aufgenommen ist das Standarddeutsche in Rumänien, Namibia und den Mennonitensiedlungen in Mexiko, Verantwortlichkeit: Variantenwörterbuch des Deutschen :, von den HerausgeberInnen und AutorInnen Ulrich Ammon, Hans Bickel und Alexandra N. Lenz.},
	language = {ger},
	urldate = {2017-11-14},
	publisher = {De Gruyter Mouton},
	author = {Ammon, Ulrich and Bickel, Hans and Lenz, Alexandra Nicole},
	year = {2016},
	keywords = {Wörterbuch}
}

@book{bohm_deutsch_2003,
	address = {Frankfurt am Main},
	title = {Deutsch in {Afrika}: die {Stellung} der deutschen {Sprache} in {Afrika} vor dem {Hintergrund} der bildungs- und sprachpolitischen {Gegebenheiten} sowie der deutschen auswärtigen {Kulturpolitik}},
	isbn = {978-3-631-51566-2},
	shorttitle = {Deutsch in {Afrika}},
	abstract = {Eine umfassende Analyse der Stellung des Deutschen in Afrika hat bis heute nicht vorgelegen. Mit dieser Arbeit wird diese Lucke geschlossen. Dabei wird die Stellung des Deutschen vor dem Hintergrund der bildungs- und sprachpolitischen Gegebenheiten sowie der deutschen Auswartigen Kulturpolitik in Afrika dargestellt. Berucksichtigt wird die Situation des Deutschen sowohl in den Bereichen Schule und Hochschule als auch im ausserschulischen Bereich. Der Autor verfolgt mit seinem Buch zwei Hauptziele: Erstens soll ein landerubergreifender Gesamtuberblick uber die Stellung der deutschen Sprache in Afrika gegeben werden. Diesem Ziel dient auch der ausfuhrliche Statistikteil. Zweitens soll mit den in Form von Handbuchartikeln aufgebauten Landerberichten die Stellung des Deutschen in den einzelnen afrikanischen Staaten naher beleuchtet werden. Den Abschluss der Arbeit bildet eine umfangreiche Forschungsbibliographie."},
	language = {de},
	publisher = {Lang},
	author = {Böhm, Michael Anton},
	month = jan,
	year = {2003},
	note = {Google-Books-ID: WJViAAAAMAAJ},
	keywords = {Language Arts \& Disciplines / Reference}
}

@article{shah_german_2007,
	title = {German in a contact situation: {The} case of {Namibian} {German}},
	volume = {2},
	shorttitle = {German in a contact situation},
	url = {http://eprints.soas.ac.uk/23364/1/2007_namibian_german.pdf},
	number = {2},
	urldate = {2017-09-27},
	journal = {eDUSA},
	author = {Shah, Sheena},
	year = {2007},
	pages = {20--45},
	file = {Full Text:C\:\\Users\\ovu19605\\Zotero\\storage\\Z3GQCY8I\\Shah - 2007 - German in a contact situation The case of Namibia.pdf:application/pdf}
}

@article{androutsopoulos_networked_2015,
	title = {Networked multilingualism: {Some} language practices on {Facebook} and their implications},
	volume = {19},
	shorttitle = {Networked multilingualism},
	number = {2},
	journal = {International Journal of Bilingualism},
	author = {Androutsopoulos, Jannis},
	year = {2015},
	pages = {185--205},
	file = {Fulltext:C\:\\Users\\ovu19605\\Zotero\\storage\\DAEGQTI5\\Androutsopoulos - 2015 - Networked multilingualism Some language practices.pdf:application/pdf;Snapshot:C\:\\Users\\ovu19605\\Zotero\\storage\\8MX4I99G\\1367006913489198.html:text/html}
}

@article{otsuji_metrolingualism:_2010,
	title = {Metrolingualism: fixity, fluidity and language in flux},
	volume = {7},
	issn = {1479-0718},
	shorttitle = {Metrolingualism},
	url = {https://doi.org/10.1080/14790710903414331},
	doi = {10.1080/14790710903414331},
	abstract = {By extending the notion of metroethnicity, this paper proposes the notion of metrolingualism, creative linguistic practices across borders of culture, history and politics. Metrolingualism gives us a way to move beyond current terms such as ‘multilingualism’ and ‘multiculturalism’. It is a product of modern and often urban interaction, describing the ways in which people of different and mixed backgrounds use, play with and negotiate identities through language. The focus is not so much on language systems as on languages as emergent from contexts of interaction. Looking at data from workplaces where metrolingual language use is common, we show how the use of both fixed and fluid linguistic and cultural identities is part of the process of language use. The notion of metrolingualism gives us ways of moving beyond common frameworks of language, providing insights into contemporary, urban language practices, and accommodating both fixity and fluidity in its approach to language use.},
	number = {3},
	urldate = {2018-07-30},
	journal = {International Journal of Multilingualism},
	author = {Otsuji, Emi and Pennycook, Alastair},
	month = aug,
	year = {2010},
	keywords = {code-mixing, fixity, fluidity, language contact, metrolingualism, multilingualism},
	pages = {240--254},
	file = {Full Text PDF:C\:\\Users\\ovu19605\\Zotero\\storage\\AEUC8IG2\\Otsuji and Pennycook - 2010 - Metrolingualism fixity, fluidity and language in .pdf:application/pdf;Snapshot:C\:\\Users\\ovu19605\\Zotero\\storage\\9GA5MPI8\\14790710903414331.html:text/html}
}

@incollection{stolz_sprache_2016,
	address = {Berlin / Boston},
	title = {Sprache in postkolonialen {Kontexten} {II}. {Varietäten} der deutschen {Sprache} in {Namibia}},
	isbn = {978-3-11-037090-4},
	abstract = {Die sich etablierende Forschungsdisziplin der Koloniallinguistik greift den Zusammenhang von sprachlicher Kommunikation und kolonialen und postkolonialen Machtkonstellationen auf, der in der aktuellen Forschung von immer größerem Interesse ist. Zum einen erfährt das Fachgebiet wachsende Aufmerksamkeit in der linguistischen Community, zum anderen findet es Resonanz in der universitären Lehre im Bachelor- und Master-Bereich, wo das Thema „Sprache und Kolonialismus“ aufgegriffen und mit Studierenden (weiter-)entwickelt wird. Zur Beförderung von Lehre und Selbststudium liegt mit diesem Studienbuch eine Einführung vor, die den aktuellen Forschungsstand und zentrale Konzepte der wissenschaftlichen Beschäftigung mit sprachlicher Kommunikation in (post-)kolonialen Kontexten verständlich darstellt. Das Buch ermöglicht den Studierenden einen sprachwissenschaftlich angeleiteten Zugang zum Thema, legt dann real-, literar- und sprachhistorische Fundamente, führt in praktische Probleme der sprachwissenschaftlichen Korpusbildung ein, zeigt die Bandbreite der Möglichkeiten koloniallinguistischer Forschung auf und reißt postkoloniale Perspektiven an. Eine editorisch aufbereitete Bibliographie von bestehender Forschung, anderen einführenden Werken und zentralen Quellenarten und -orten ist den Kapiteln abschließend beigegeben.},
	language = {de},
	booktitle = {Sprache und {Kolonialismus}: {Eine} interdisziplinäre {Einführung} zu {Sprache} und {Kommunikation} in kolonialen {Kontexten}},
	publisher = {Walter de Gruyter},
	author = {Kellermeier-Rehbein, Birte},
	editor = {Stolz, Thomas and Warnke, Ingo H. and Schmidt-Brücken, Daniel},
	month = jan,
	year = {2016},
	note = {Google-Books-ID: LNaRCwAAQBAJ},
	keywords = {Language Arts \& Disciplines / Communication Studies, Language Arts \& Disciplines / Linguistics / General, Language Arts \& Disciplines / Linguistics / Historical \& Comparative, Political Science / Colonialism \& Post-Colonialism},
	pages = {213--234},
	file = {Kellermeier-Rehbein - 2016 - Sprache in postkolonialen Kontexten II. Varietäten.pdf:C\:\\Users\\ovu19605\\Zotero\\storage\\FYGJIIF8\\Kellermeier-Rehbein - 2016 - Sprache in postkolonialen Kontexten II. Varietäten.pdf:application/pdf}
}

@incollection{duck_namibia_2018,
	address = {Tübingen},
	title = {Namibia},
	isbn = {978-3-8233-7928-7},
	abstract = {Mit dem "Handbuch der deutschen Sprachminderheiten in Übersee" liegt nun ein komplementärer Band zum "Handbuch der deutschen Sprachminderheiten in Mittel- und Osteuropa" vor. Es bietet eine konzentrierte Zusammenschau der Situation der deutschsprachigen Minderheiten außerhalb Europas. Acht Überblicksartikel (USA, Texas, Südamerika, die Mennoniten, Namibia, Südafrika, Australien, ehemalige Kolonialgebiete in der Südsee) liefern ausführliche Informationen über die historischen Entwicklungen der jeweiligen Sprachinseln, über die politische und rechtliche Lage der Minderheiten und ihre demographische Situation. Dabei wird für jedes Land eine Dokumentation der Kompetenz- und Sprachgebrauchssituation, eine Beschreibung und Analyse der soziolinguistischen Situation mit ihren je spezifischen Standard-Substandard-Verteilungen und eine Untersuchung der Spracheinstellungen der Sprecher geboten. Mit Beiträgen von Hans C. Boas, Katharina Dück, Stefan Engelberg, Anne-Katharina Harr, William D. Keel, Claudia Maria Riehl, Peter Rosenberg, Heinrich Siemens und Adam Tomas.},
	language = {de},
	booktitle = {Handbuch der deutschen {Sprachminderheiten} in Übersee},
	publisher = {Narr Francke Attempto Verlag},
	author = {Dück, Katharina},
	editor = {Plewnia, Albrecht and Riehl, Claudia Maria},
	month = mar,
	year = {2018},
	note = {Google-Books-ID: acpQDwAAQBAJ},
	keywords = {Literary Criticism / European / German},
	pages = {109--130},
	file = {Dück - 2018 - Namibia.pdf:C\:\\Users\\ovu19605\\Zotero\\storage\\S22V2KFR\\Dück - 2018 - Namibia.pdf:application/pdf}
}

@article{hoder_mehrsprachige_2018,
	title = {Mehrsprachige Äußerungen aus dem {Blickwinkel} der {Diasystematischen} {Konstruktionsgrammatik}: eine {Annäherung}},
	volume = {94},
	shorttitle = {({PDF}) {Mehrsprachige} Äußerungen aus dem {Blickwinkel} der {Diasystematischen} {Konstruktionsgrammatik}},
	url = {https://www.researchgate.net/publication/327845312_Mehrsprachige_Ausserungen_aus_dem_Blickwinkel_der_Diasystematischen_Konstruktionsgrammatik_eine_Annaherung},
	abstract = {PDF {\textbar} Die Diasystematische Konstruktionsgrammatik (Höder 2012; 2014abc; i. Vorb.) geht in Anlehnung an moderne kontaktlinguistische Ansätze davon aus, dass das Sprachwissen Mehrsprachiger ein sprachübergreifendes Repertoire (Matras 2009, 308–309) konstituiert. Dieses Repertoire...},
	urldate = {2018-11-19},
	journal = {Osnabrücker Beiträge zur Sprachtheorie},
	author = {Höder, Steffen},
	year = {2018},
	pages = {27--50},
	file = {Höder - Mehrsprachige Äußerungen aus dem Blickwinkel der D.pdf:C\:\\Users\\ovu19605\\Zotero\\storage\\JAMW7FV2\\Höder - Mehrsprachige Äußerungen aus dem Blickwinkel der D.pdf:application/pdf;Snapshot:C\:\\Users\\ovu19605\\Zotero\\storage\\QJAQMPKL\\327845312_Mehrsprachige_Ausserungen_aus_dem_Blickwinkel_der_Diasystematischen_Konstruktionsgram.html:text/html}
}

@incollection{wiese_registerdifferenzierung_2019,
	address = {Tübingen},
	title = {Registerdifferenzierung im {Namdeutschen}: {Informeller} und formeller {Sprachgebrauch} in einer vitalen {Sprechergemeinschaft}},
	url = {https://www.researchgate.net/publication/328783803_Registerdifferenzierung_im_Namdeutschen_Informeller_und_formeller_Sprachgebrauch_in_einer_vitalen_Sprechergemeinschaft},
	booktitle = {Beiträge zur {Interkulturellen} {Germanistik}},
	publisher = {Narr},
	author = {Wiese, Heike and Bracke, Yannic},
	editor = {Földes, Csaba},
	year = {2019}
}

@article{joseph_linguistic_2006,
	title = {Linguistic identities: {Double}-edged swords},
	volume = {30},
	issn = {0272-2690, 1569-9889},
	shorttitle = {Linguistic identities},
	url = {https://www.jbe-platform.com/content/journals/10.1075/lplp.30.3.04jos},
	doi = {10.1075/lplp.30.3.04jos},
	abstract = {Linguistic identities are double-edged swords because, while functioning in a positive and productive way to give people a sense of belonging, they do so by defining an “us” in opposition to a “them” that becomes all too easy to demonise. Studying the construction of identities is important precisely because it offers our best hope for helping to undo their negative impact, while at the same time providing deeper insight into the role languages play in our interpretation of who does or doesn’t belong to which particular group. Djité, in a recent article in this journal (2006), argues that, in our multilingual world, linguistic identities are not the monolithic entities which people often take them for, with the result that individuals get misinterpreted based on the way they speak, provoking prejudice and discrimination. This is also, contrary to what Djité suggests, one of the principal thrusts of Joseph’s book Language and Identity (2004). The present article summarises the relevant arguments made in this latter book and attempts to clarify points of agreement and disagreement with Djité.},
	language = {en},
	number = {3},
	urldate = {2019-03-27},
	journal = {Language Problems and Language Planning},
	author = {Joseph, John E.},
	month = jan,
	year = {2006},
	pages = {261--267},
	file = {Joseph - 2006 - Linguistic identities Double-edged swords.pdf:C\:\\Users\\ovu19605\\Zotero\\storage\\47KSMUSA\\Joseph - 2006 - Linguistic identities Double-edged swords.pdf:application/pdf;Snapshot:C\:\\Users\\ovu19605\\Zotero\\storage\\32VWFFIP\\lplp.30.3.html:text/html}
}

@article{weinberg_measurement_1979,
	title = {Measurement of communication aspects of group cohesion},
	volume = {7},
	issn = {0090-9882},
	doi = {10.1080/00909887909365192},
	abstract = {Slang terms from various group \& member types were collected; 4,756 examples were analyzed to determine what concepts recurred in group vocabulary development. Eight concepts which differentiate high \& low cohesion groups were identified \& used to develop the Group Cohesion Checklist. The checklist is reproduced with a discussion of administration \& scoring methods \& possible applications. B. Annesser.},
	number = {1},
	journal = {Journal of Applied Communication Research},
	author = {Weinberg, Sanford B.},
	year = {1979},
	pages = {55--60},
	file = {Weinberg - 1979 - Measurement of communication aspects of group cohe.pdf:C\:\\Users\\ovu19605\\Zotero\\storage\\QDMQM8EX\\Weinberg - 1979 - Measurement of communication aspects of group cohe.pdf:application/pdf}
}

@inproceedings{ocker_mediating_2002,
	title = {The mediating effect of group development on satisfaction in a virtual and mixed-mode environment},
	doi = {10.1109/HICSS.2002.993871},
	abstract = {This study explores the mediating effect of two aspects of group development (workgroup cohesion and conflict management) on five aspects of satisfaction (solution satisfaction, solution confidence, interaction process satisfaction, perceived decision quality, and level of teamwork). The independent variable, interaction mode, has two treatments: mixed-mode, a combination of face-to-face (FtF) and computer-mediated communication (CMC), and pure CMC (no FtF interaction). Members of mixed-mode groups rated their groups higher in terms of cohesiveness, the ability to manage conflict, and all aspects of satisfaction. Members of more highly developed groups rated themselves higher on all satisfaction variables compared to members of lesser-developed groups. Findings indicate that workgroup cohesion mediated all satisfaction variables, while conflict management mediated all satisfaction variables except for solution confidence.},
	booktitle = {Proceedings of the 35th {Annual} {Hawaii} {International} {Conference} on {System} {Sciences}},
	author = {Ocker, R. J.},
	month = jan,
	year = {2002},
	keywords = {Computer mediated communication, computer-mediated communication, conflict management, Costs, Cultural differences, Environmental management, geographically distributed software development, Global communication, group development, groupware, interaction mode, interaction process satisfaction, level of teamwork, mixed-mode environment, perceived decision quality, Programming, Quality management, satisfaction, social aspects of automation, software development management, solution confidence, solution satisfaction, Sun, Teamwork, virtual environment, Virtual groups, virtual teams, workgroup cohesion},
	pages = {143--152},
	file = {IEEE Xplore Abstract Record:C\:\\Users\\ovu19605\\Zotero\\storage\\K8NXAI9P\\993871.html:text/html;IEEE Xplore Full Text PDF:C\:\\Users\\ovu19605\\Zotero\\storage\\S8UV5MJU\\Ocker - 2002 - The mediating effect of group development on satis.pdf:application/pdf}
}

@incollection{zimmer_deutsch_2019,
	address = {Berlin},
	title = {Deutsch als {Minderheitensprache} in {Afrika}},
	booktitle = {Sprache und {Raum} ‒ {Deutsch}. {Ein} internationales {Handbuch} der {Sprachvariation} ({Handbücher} zur {Sprach}- und {Kommunikationswissenschaft} 30.4)},
	publisher = {De Gruyter Mouton},
	author = {Zimmer, Christian and Herrgen, Joachim and Schmidt, Jürgen Erich},
	year = {2019}
}

@incollection{zimmer_linguistic_2019,
	address = {Leiden},
	title = {Linguistic variation and age of speakers in {Namibian} {German}: loan word usage in “{Wenker} sentences”},
	booktitle = {German {Abroad}: {Comparative} {Perspectives} on {Language} {Contact}},
	publisher = {Brill},
	author = {Zimmer, Christian},
	editor = {Boas, Hans C.},
	year = {2019}
}

@article{shin_role_2011,
	title = {Role of face-to-face and computer-mediated communication time in the cohesion and performance of mixed-mode groups},
	volume = {14},
	issn = {1367-2223},
	url = {https://onlinelibrary.wiley.com/doi/abs/10.1111/j.1467-839X.2010.01341.x},
	doi = {10.1111/j.1467-839X.2010.01341.x},
	abstract = {Although the rapid development of information technology has led to the increasing use of computer-mediated communication (CMC), few studies have examined the relational aspect of mixed-mode groups that use both face-to-face (FTF) communication and CMC. A field study comprising 42 student groups was conducted to assess the relationships among communication time, cohesion, and performance in mixed-mode groups. The findings suggest that time spent in FTF communication significantly predicted group social cohesion, but time spent in CMC did not. In contrast, group task cohesion was predicted by time spent in CMC but not by time spent in FTF communication. Time spent in CMC was also a strong predictor of group task performance. These results suggest that FTF communication contributes to the social aspect of mixed-mode groups and that CMC is beneficial to their task-related aspect. The findings of mediation analyses showed a significant indirect effect among time spent in FTF communication, group social cohesion, and group contextual performance. In other words, time spent in FTF communication had a positive effect on group social cohesion, which in turn positively affected group contextual performance. However, no mediating effect was found among time spent in CMC, group task cohesion, and group task performance. Theoretical and practical implications of these findings are discussed.},
	number = {2},
	urldate = {2019-06-20},
	journal = {Asian Journal of Social Psychology},
	author = {Shin, Yuhyung and Song, Kyojik},
	month = jun,
	year = {2011},
	keywords = {communication time, computer-mediated communication, mixed-mode groups, social cohesion, task cohesion, task performance},
	pages = {126--139},
	file = {Full Text PDF:C\:\\Users\\ovu19605\\Zotero\\storage\\ZK4JB77R\\Shin and Song - 2011 - Role of face-to-face and computer-mediated communi.pdf:application/pdf;Snapshot:C\:\\Users\\ovu19605\\Zotero\\storage\\95ZWENZM\\j.1467-839X.2010.01341.html:text/html}
}

@article{putz_sudwesterdeutsch_1991,
	title = {‘{Südwesterdeutsch}’ in {Namibia}: {Sprachpolitik}, {Sprachplanung} und {Spracherhalt}},
	volume = {136},
	shorttitle = {‘{Südwesterdeutsch}’in {Namibia}},
	journal = {Linguistische Berichte},
	author = {Pütz, Martin},
	year = {1991},
	pages = {455--476}
}

@inproceedings{fasola_slang_2011,
	title = {Slang and its history},
	url = {https://dukonference.lv/files/proceedings_of_conf/53konf/valodnieciba_literaturzinatne/Fasola.pdf},
	booktitle = {53rd {International} {Scientific} {Conference} of {Daugvapils} {University}},
	author = {Fasola, Jelena},
	year = {2011},
	file = {Full Text:C\:\\Users\\ovu19605\\Zotero\\storage\\7HUK8UXD\\Fasola - 2014 - Slang and its history.pdf:application/pdf}
}

@article{lantto_code-switching_2014,
	title = {Code-switching, swearing and slang: {The} colloquial register of {Basque} in {Greater} {Bilbao}},
	volume = {18},
	issn = {1367-0069, 1756-6878},
	shorttitle = {Code-switching, swearing and slang},
	url = {http://journals.sagepub.com/doi/10.1177/1367006912457274},
	doi = {10.1177/1367006912457274},
	abstract = {This paper discusses the relationship of swearing and slang to code-switching based on data obtained in a Basque–Spanish language contact situation. The study is based on 22 hours of recorded material of 22 Basque bilinguals, both L1 and L2 Basque speakers. In Greater Bilbao, even the bilinguals who do not frequently code-switch shift to Spanish to introduce slang or swear words to otherwise Basque discourse. The susceptibility of these elements to switching is examined from structural, discursive and sociolinguistic points of view. The phenomena are understood to strengthen one another: when different stylistic and stance-taking devices cooccur, they become even more salient, thus underlining the effect for which they were introduced to the conversation.},
	language = {en},
	number = {6},
	urldate = {2019-11-07},
	journal = {International Journal of Bilingualism},
	author = {Lantto, Hanna},
	month = dec,
	year = {2014},
	pages = {633--648},
	file = {Lantto - 2014 - Code-switching, swearing and slang The colloquial.pdf:C\:\\Users\\ovu19605\\Zotero\\storage\\26YSIC7W\\Lantto - 2014 - Code-switching, swearing and slang The colloquial.pdf:application/pdf}
}

@book{howell_preparing_2018,
	series = {The {Handbook} of {Research} in {Middle} {Level} {Education}},
	title = {Preparing {Middle} {Level} {Educators} for 21st {Century} {Schools}},
	isbn = {978-1-64113-316-6},
	abstract = {Over the last decade, significant changes have occurred in how schools are organized, how educators are prepared and certified, how accreditation policies have shifted both curriculum and content, as well as changes to the demographics of middle school classrooms. This volume, Preparing Middle Level Educators for 21st Century Schools: Enduring Beliefs, Changing Times, Evolving Practices provides a review of current research focused on middle level educator preparation at all levels. Our enduring beliefs about young adolescents have not changed (e.g., need for developmentally responsive instruction, caring adults who understand them and are prepared to teach them, opportunities to explore their interests) but the political and sociocultural climate of schools and schooling has. In light of changing times, this volume allows researchers and teacher educators to share research from their context and inform the evolving practices of educator preparation for the middle level. The research presented in this volume is organized into three sections, with an introduction provided for each. The authors grounded their work in the Association for Middle Level Education’s teacher preparation standards (2012) and tenets of This We Believe (NMSA, 2010). By doing so, they examine topics that hold potential for meeting the learning needs of teachers and students in middle level schools. The first section includes chapters from individuals working to ensure that the enduring beliefs of middle level education continue to guide the structures of their middle level teacher preparation programs. The second set of chapters closely examines how changing times are shaping the work of teacher educators. Finally, the last section spotlights evolving practices that continue to develop in response to the changes impacting our classrooms, schools, and communities. This text provides readers with researched-based practices and information to help them continue the tradition of middle level teacher education. The enduring beliefs of preparing teachers who understand, respect, and honor the many talents, gifts, and contributions of the young adolescent student will guide teacher educators as they respond to the changing times of education and the evolving practices of teachers, teacher educators, and schools.},
	language = {en},
	publisher = {IAP},
	author = {Howell, Penny B. and Faulkner, Shawn A. and Jones, Jeanneine and Carpenter, Jan},
	month = may,
	year = {2018},
	note = {Google-Books-ID: ev5fDwAAQBAJ},
	keywords = {Education / Professional Development, Education / Research, Education / Teaching Methods \& Materials / General}
}

@book{spradley_participant_1980,
	address = {New York; London},
	title = {Participant {Observation}},
	isbn = {978-0-03-044501-9},
	abstract = {This text is a follow up to Spradley's earlier ethographic research handbook, The Ethnographic Interview, and guides students through the technique of participant observation to research ethnography and culture. Spradley also teaches students how to analyze the data they collect, and write an ethnography. The appendices include research questions and writing tasks.},
	language = {en},
	publisher = {Holt, Rinehart and Winston},
	author = {Spradley, James P.},
	month = jan,
	year = {1980},
	note = {Google-Books-ID: sQClDJXc5vkC},
	keywords = {Social Science / Anthropology / Cultural \& Social, Social Science / Anthropology / General, Social Science / Sociology / General}
}

@article{gold_roles_1958,
	title = {Roles in {Sociological} {Field} {Observation}. {Social} {Forces}},
	volume = {36},
	url = {https://www.google.com/search?client=firefox-b-e&q=Gold%2C+R.+1958.+Roles+in+Sociological+Field+Observation.+Social+Forces+36+%283%29%3A+217%E2%80%93223.},
	number = {3},
	urldate = {2019-11-08},
	journal = {Social Forces},
	author = {Gold, Raymond},
	year = {1958},
	pages = {217--223},
	file = {Gold, R. 1958. Roles in Sociological Field Observation. Social Forces 36 (3)\: 217–223. - Google zoeken:C\:\\Users\\ovu19605\\Zotero\\storage\\CLRVF27C\\search.html:text/html}
}

@book{junker_field_1960,
	address = {Chicago},
	title = {Field {Work}: {An} {Introduction} to the {Social} {Sciences}.},
	volume = {39},
	shorttitle = {Field {Work}},
	url = {https://academic.oup.com/sf/article/39/4/370/1941978},
	abstract = {Ruth Searles;  Field Work: An Introduction to the Social Sciences. By Buford H. Junker. With an introduction by Everett C. Hughes. Chicago: The University of Ch},
	language = {en},
	urldate = {2019-11-08},
	publisher = {The University of Chicago Press},
	author = {Junker, Buford H.},
	year = {1960},
	file = {Snapshot:C\:\\Users\\ovu19605\\Zotero\\storage\\IC9ADTZ8\\1941978.html:text/html}
}

@incollection{daniel_vocative_2008,
	address = {Oxford},
	title = {The {Vocative} – {An} {Outlier} {Case}},
	url = {https://www.oxfordhandbooks.com/view/10.1093/oxfordhb/9780199206476.001.0001/oxfordhb-9780199206476-e-44},
	abstract = {The vocative is a form used for calling out and attracting or maintaining the addressee's attention. Forms of address widely attested in the languages of the world are vocative constructions using vocative particles, vocative prosody, and vocative forms of nominals. Sometimes, the form of address is integrated into the case paradigm of the language, and then we can say there is a vocative case. The strongest notion of ‘case’ is that in which case is cumulated with other categories and/or is marked differently in different inflectional classes (declensions). In Czech, the vocative maintains a complex morphology with a variety of allomorphs and various irregular forms, while in the mutually intelligible Slovak it has disappeared. This article discusses the vocative case and types of marking, including prosody, case forms proper, and vocative particles. It also examines the connection between the vocative case and the nominative case, the functional diversity of vocatives, the core lexical domain exhibiting vocatives, morphosyntax, and peripheral vocative functions.},
	language = {en},
	urldate = {2019-11-13},
	booktitle = {The {Oxford} {Handbook} of {Case}},
	publisher = {Oxford University Press},
	author = {Daniel, Michael and Spencer, Andrew and Malchukov, Andrej L.},
	month = nov,
	year = {2008},
	pages = {626--634},
	file = {Snapshot:C\:\\Users\\ovu19605\\Zotero\\storage\\WNAYNSUE\\oxfordhb-9780199206476-e-44.html:text/html}
}

@book{sonnenhauser_vocative!:_2013,
	address = {Berlin, Boston},
	title = {Vocative!: {Addressing} between {System} and {Performance}},
	isbn = {978-3-11-030417-6},
	shorttitle = {Vocative!},
	abstract = {TRENDS IN LINGUISTICS is a series of books that open new perspectives in our understanding of language. The series publishes state-of-the-art work on core areas of linguistics across theoretical frameworks, as well as studies that provide new insights by approaching language from an interdisciplinary perspective.     TRENDS IN LINGUISTICS considers itself a forum for cutting-edge research based on solid empirical data on language in its various manifestations, including sign languages. It regards linguistic variation in its synchronic and diachronic dimensions as well as in its social contexts as important sources of insight for a better understanding of the design of linguistic systems and the ecology and evolution of language.     TRENDS IN LINGUISTICS publishes monographs and outstanding dissertations as well as edited volumes, which provide the opportunity to address controversial topics from different empirical and theoretical viewpoints. High quality standards are ensured through anonymous reviewing.},
	language = {en},
	publisher = {Walter de Gruyter},
	author = {Sonnenhauser, Barbara and Hanna, Patrizia Noel Aziz},
	month = jul,
	year = {2013},
	note = {Google-Books-ID: sGbnBQAAQBAJ},
	keywords = {Language Arts \& Disciplines / Linguistics / General, Language Arts \& Disciplines / Linguistics / Historical \& Comparative, Language Arts \& Disciplines / Linguistics / Semantics, Language Arts \& Disciplines / Linguistics / Syntax}
}

@book{festinger_social_1950,
	address = {Oxford, England},
	series = {Social pressures in informal groups; a study of human factors in housing},
	title = {Social pressures in informal groups; a study of human factors in housing},
	abstract = {Interviews and sociometric techniques are used to study the friendships and community life in a housing project for 260 married veterans at M. I. T. In this relatively homogeneous group, proximity is a striking factor in the formation of friendships. Group standards, as shown by uniformity of community attitudes, exist within any one housing unit in the measure that there are many friendships (high degree of cohesion) within that unit. There is a chapter by a housing expert and one by an architect applying the author's findings and raising questions about housing which psychologists might help to answer. One chapter is devoted to quantitative techniques for summarizing sociometric data. (PsycINFO Database Record (c) 2016 APA, all rights reserved)},
	publisher = {Harper},
	author = {Festinger, Leon and Schachter, Stanley and Back, Kurt},
	year = {1950},
	file = {Snapshot:C\:\\Users\\ovu19605\\Zotero\\storage\\5PMLZDDF\\1951-02994-000.html:text/html}
}

@article{carron_development_1985,
	title = {The development of an instrument to assess cohesion in sport teams: {The} {Group} {Environment} {Questionnaire}},
	volume = {7},
	shorttitle = {The development of an instrument to assess cohesion in sport teams},
	number = {3},
	journal = {Journal of Sport and Exercise psychology},
	author = {Carron, Albert V. and Widmeyer, W. Neil and Brawley, Lawrence R.},
	year = {1985},
	pages = {244--266},
	file = {Full Text:C\:\\Users\\ovu19605\\Zotero\\storage\\PBRIDLBA\\Carron et al. - 1985 - The development of an instrument to assess cohesio.pdf:application/pdf;Snapshot:C\:\\Users\\ovu19605\\Zotero\\storage\\B2C6UFHT\\article-p244.html:text/html}
}

@article{brawley_assessing_1987,
	title = {Assessing the cohesion of teams: {Validity} of the {Group} {Environment} {Questionnaire}},
	volume = {9},
	shorttitle = {Assessing the cohesion of teams},
	number = {3},
	journal = {Journal of Sport and Exercise Psychology},
	author = {Brawley, Lawrence R. and Carron, Albert V. and Widmeyer, W. Neil},
	year = {1987},
	pages = {275--294},
	file = {Full Text:C\:\\Users\\ovu19605\\Zotero\\storage\\4AWRZCSJ\\Brawley et al. - 1987 - Assessing the cohesion of teams Validity of the G.pdf:application/pdf;Snapshot:C\:\\Users\\ovu19605\\Zotero\\storage\\T3B2B2IE\\article-p275.html:text/html}
}

@book{mattiello_introduction_2008,
	address = {Milano},
	series = {English {Library}: the {Linguistics}  {Bookshelf}},
	title = {An {Introduction} to {English} {Slang}: {A} {Description} of its {Morphology}, {Semantics} and {Sociology}},
	volume = {2},
	isbn = {978-88-7699-113-4},
	shorttitle = {An {Introduction} to {English} {Slang}},
	abstract = {Slang is a widespread phenomenon in English, but, despite its pervasiveness, it has been marginalized or neglected in linguistics. Does it exhibit the same word-formation mechanisms as the standard language? In other words, is it the result of well-established grammatical rules? Or is it outside regular grammar? Again, is slang internally organized in terms of semantic relations and lexical fields, or is it rather a disorganized, complex lexicon made up of vague words and polysemous expressions? In an attempt to describe slang, there is a general tendency to treat it as a merely social concept reinforcing cohesiveness within a group, or as a level of usage below stylistically neutral language. Slang commonly overlaps with other non-standard varieties such as cant, jargon, dialect, or even with bad language. This book explores slang from a different angle. Slang is defined both as a group-related variety and as an informal vocabulary of more general use. It is characterized by many extra-grammatical formations which distinguish it from standard English, but also by formations which conform to regular patterns. Besides, it is viewed as a complex lexical system on account of the difficulty it entails in cognitive processing and meaning disambiguation. Yet, such lexical complexity may be exploited by speakers who wish to communicate clandestinely or secretly. In this view, slang offers intriguing issues for a theoretical debate, and new paths for linguists who are attracted by what is original, trendy and pioneering.},
	language = {English},
	publisher = {Polimetrica, International Scientific Publisher},
	author = {Mattiello, Elisa},
	month = jun,
	year = {2008}
}

@book{eble_slang_1996,
	title = {Slang \& {Sociability}: {In}-group {Language} {Among} {College} {Students}},
	isbn = {978-0-8078-4584-4},
	shorttitle = {Slang \& {Sociability}},
	abstract = {Slang is often seen as a lesser form of language, one that is simply not as meaningful or important as its \&\#39;regular\&\#39; counterpart. Connie Eble refutes this notion as she reveals the sources, poetry, symbolism, and subtlety of informal slang expressions. \&lt;p},
	language = {en},
	publisher = {Univ of North Carolina Press},
	author = {Eble, Connie C.},
	year = {1996},
	keywords = {Language Arts \& Disciplines / General, Language Arts \& Disciplines / Linguistics / General, Reference / Word Lists}
}

@incollection{radke_urban_nodate,
	title = {Urban {Language} {Practices} {Online}? {Multilingualism} among {German}-{Namibians} in {Computer}-{Mediated} {Communication}},
	booktitle = {Postmodern {Individuals} in {Urban} {Communicative} {Settings}},
	publisher = {Routledge},
	author = {Radke, Henning}
}

@book{andersson_bad_1990,
	address = {London},
	title = {Bad language},
	publisher = {Penguin Books},
	author = {Andersson, Lars and Trudgill, Peter},
	year = {1990}
}

@book{jonas_sozialpsychologie_2014,
	address = {Berlin, Heidelberg},
	title = {Sozialpsychologie},
	isbn = {978-3-642-41091-8},
	abstract = {Warum verhält sich jemand aggressiv? Wieso helfen viele Zuschauer bei einem Unfall nicht? Soll ich aufhören zu rauchen, weil es meiner Gesundheit schadet? Wie bildet sich ein Gruppenanführer heraus? Das alles ist Sozialpsychologie! Das vielseitige Fachgebiet beschäftigt sich damit, wie Gedanken, Gefühle und Verhalten von Individuen durch die tatsächliche oder vorgestellte Anwesenheit anderer Menschen beeinflusst werden. Lesen und Lernen mit ausgefeilter Didaktik: Aus der Forschung, Pioniere, Sozialpsychologie im Alltag Deutsch-englisches Glossar Mit interaktiver Lernwebsite: Lernkarten, Quiz, Prüfungsfragen, Links, Materialien für Dozenten},
	language = {de},
	publisher = {Springer-Verlag},
	author = {Jonas, Klaus and Stroebe, Wolfgang},
	editor = {Hewstone, Miles},
	month = aug,
	year = {2014},
	keywords = {Medical / General, Psychology / Applied Psychology, Psychology / General, Psychology / Industrial \& Organizational Psychology, Psychology / Personality, Social Science / General}
}

@article{zimmer_korpus_nodate,
	title = {Das {Korpus} {Deutsch} in {Namibia} ({DNam}): {Eine} {Ressource} für die {Kontakt}-, {Variations}- und {Soziolinguistik}},
	author = {Zimmer, Christian and Wiese, Heike and Simon, Horst and Zappen-Thomson, Marianne and Bracke, Yannic and Stuhl, Britta and Schmidt, Thomas}
}

@incollection{hoder_grammar_2018,
	title = {Grammar is community-specific. {Background} and basic concepts of {Diasystematic} {Construction} {Grammar}},
	url = {https://www.researchgate.net/publication/329322092_Grammar_is_community-specific_Background_and_basic_concepts_of_Diasystematic_Construction_Grammar},
	abstract = {Mainstream grammatical theory and traditional grammaticography concentrate on single languages or varieties, which are conceptualised as pre-existing, distinct entities and analysed in terms of coherent, static, ideally variation-free language systems. This is in stark contrast to actual language usage, where various kinds of structural contact phenomena are the rule rather than the exception. In line with recent insights from contact linguistics, Diasystematic Construction Grammar assumes that multilingual speakers and communities organise their grammatical knowledge on the basis of the available input via processes of interlingual identification, abstraction, generalisation, and categorisation, regardless of language boundaries. This results in a community-specific multilingual constructicon, comprising both language-specific constructions (restricted to certain communicative contexts associated with a particular language) and constructions unspecified for language.},
	author = {Höder, Steffen},
	month = nov,
	year = {2018},
	pages = {37--70},
	file = {Full Text PDF:C\:\\Users\\ovu19605\\Zotero\\storage\\JASQ8ZIT\\Höder - 2018 - Grammar is community-specific. Background and basi.pdf:application/pdf}
}

@incollection{grosjean_bilingual_2012,
	title = {Bilingual and {Monolingual} {Language} {Modes}},
	isbn = {978-1-4051-9843-1},
	url = {https://onlinelibrary.wiley.com/doi/abs/10.1002/9781405198431.wbeal0090},
	abstract = {Bilinguals communicate differently when they are with monolinguals and when they are with bilinguals who share their languages. Whereas they avoid using their other language(s) with monolinguals, they may call upon it (or them) when interacting with bilinguals, either by changing over completely to the other language(s) or by bringing elements of the other language(s) into the language they are speaking.},
	language = {en},
	urldate = {2019-11-16},
	booktitle = {The {Encyclopedia} of {Applied} {Linguistics}},
	publisher = {American Cancer Society},
	author = {Grosjean, François},
	year = {2012},
	doi = {10.1002/9781405198431.wbeal0090},
	keywords = {bilingualism, cognitive science, multilingualism, perception, psycholinguistics},
	file = {Full Text PDF:C\:\\Users\\ovu19605\\Zotero\\storage\\SQISHYWY\\Grosjean - 2012 - Bilingual and Monolingual Language Modes.pdf:application/pdf;Snapshot:C\:\\Users\\ovu19605\\Zotero\\storage\\8UXULIEK\\9781405198431.html:text/html}
}

@misc{radke_afrikaans_2019,
	title = {Afrikaans in {Thüringen}},
	url = {https://blogs.fu-berlin.de/nederlands/2019/07/01/afrikaans-in-thueringen/},
	urldate = {2019-11-16},
	author = {Radke, Henning},
	month = jul,
	year = {2019},
	file = {Nederlands » Blog Archiv » Afrikaans in Thüringen:C\:\\Users\\ovu19605\\Zotero\\storage\\MCU3YY9G\\afrikaans-in-thueringen.html:text/html}
}

@book{sanchez_applied_2019,
	edition = {1st ed. 2019 edition},
	title = {Applied {Decision}-{Making}: {Applications} in {Computer} {Sciences} and {Engineering}},
	isbn = {978-3-030-17984-7},
	shorttitle = {Applied {Decision}-{Making}},
	abstract = {This book gathers a collection of the latest research, applications, and proposals, introducing readers to innovations and concepts from diverse environments and systems. As such, it will provide students and professionals alike with not only cutting-edge information, but also new inspirations and potential research directions.Each chapter focuses on a specific aspect of applied decision making, e.g. in complex systems, computational intelligence, security, and ubiquitous computing.},
	language = {English},
	publisher = {Springer},
	editor = {Sanchez, Mauricio A. and Aguilar, Leocundo and Castañón-Puga, Manuel and Rodríguez, Antonio},
	month = may,
	year = {2019}
}

@book{bracke_namibian_2020,
	title = {Namibian {German} and gender: {A} corpus study on the use of transferred lexical items},
	shorttitle = {Namibian {German} and gender},
	abstract = {This paper presents a quantitative corpus study of informal speech from male and female adolescent and adult Namibians with the L1 German. A key feature of Namibian German are various forms of language mixing, mostly with material from English and Afrikaans. Previous sociolinguistic research as well as statements by community members suggest that male speakers might use more other-language material in their speech. I identified other-language material in a corpus of peer group conversations by Namibian German adolescents and adults and investigated the amount of transferred lexical items (other-language material excluding multi-word code-switches) that speakers of different age and gender used. Further I analyzed the proportion of the donor languages English and Afrikaans. Concerning the frequency of transferred lexical items the results show an age difference between younger and older speakers, but less clear differences between speakers of different gender. English is the prime donor language in all groups, but subtle differences in the proportion of Afrikaans may point to interesting sociolinguistic dynamics.},
	author = {Bracke, Yannic},
	month = sep,
	year = {2020},
	file = {Bracke - 2020 - Namibian German and gender A corpus study on the .pdf:C\:\\Users\\ovu19605\\Zotero\\storage\\RYMJHVL9\\Bracke - 2020 - Namibian German and gender A corpus study on the .pdf:application/pdf}
}

@incollection{hoder_grammatical_2021,
	title = {Grammatical arealisms across the {Danish}-{German} border from a constructional perspective},
	author = {Höder, Steffen},
	year = {2021}
}

@incollection{herrle_integration_2016,
	address = {Windhoek},
	title = {Integration mit besten {Voraussetzungen}. {Neue} {Perspektiven} einer {Deutschnamibierin} in {Deutschland}. {In} {Informationsausschuss} der {Deutschen} {Evangelisch}-{Lutherischen} {Kirche} in {Namibia} {DELK}},
	booktitle = {Perspektiven 2016. {Die} {Deutschsprachigen} {Namibier}: {Weiße} {Afrikaner} oder {Fremde} im eigenen {Land}?},
	publisher = {John Meinert Priting (Pty) Ltd},
	author = {Herrle, Katharina},
	year = {2016}
}

@incollection{rocker_east_2021,
	title = {East {Frisians} achter de {Penn}: language and identity in correspondences to a {German} newspaper in {America}},
	author = {Rocker, Maike},
	year = {2021}
}

@incollection{stuhl_northern_2021,
	title = {Northern {German} in {Southern} {Africa}? {On} the phonology of {Namdeutsch}},
	author = {Stuhl, Britta},
	year = {2021}
}

@misc{r_core_team_language_2019,
	title = {A language and environment for statistical computing. {R} {Foundation} for {Statistical} {Computing}},
	url = {https://www.R-project.org/},
	publisher = {Vienna},
	author = {R Core Team},
	year = {2019}
}

@incollection{gretschel_status_1995,
	address = {Berlin, New York},
	title = {The status and use of the {German} language in independent {Namibia}: {Can} {German} survive the transition?},
	booktitle = {Discrimination through {Language} in {Africa}? {Perspectives} on the {Namibian} {Experience}.},
	publisher = {De Gruyter Mouton},
	author = {Gretschel, Hans-Volker},
	editor = {Pütz, Joe},
	year = {1995},
	pages = {299--314}
}
