@book{baker_using_2014,
	address = {London},
	title = {Using {Corpora} to {Analyze} {Gender}},
	isbn = {978-1-4411-0877-7},
	url = {http://search.ebscohost.com/login.aspx?direct=true&scope=site&db=nlebk&db=nlabk&AN=657848},
	publisher = {Bloomsbury Publishing},
	author = {Baker, Paul},
	month = jan,
	year = {2014},
	keywords = {Gender, Korpuslinguistik, Statistik},
}

@book{bohm_deutsch_2003,
	address = {Frankfurt am Main},
	series = {Duisburger {Arbeiten} zur {Sprach}- und {Kulturwissenschaft}},
	title = {Deutsch in {Afrika}: {Die} {Stellung} der deutschen {Sprache} in {Afrika} vor dem {Hintergrund} der bildungs- und sprachpolitischen {Gegebenheiten} sowie der deutschen auswärtigen {Kulturpolitik}},
	volume = {52},
	isbn = {3-631-51566-9},
	publisher = {Lang},
	author = {Böhm, Michael-Anton},
	month = jan,
	year = {2003},
}

@article{calude_modelling_2017,
	title = {Modelling loanword success – a sociolinguistic quantitative study of {Māori} loanwords in {New} {Zealand} {English}},
	volume = {0},
	issn = {1613-7027},
	doi = {10.1515/cllt-2017-0010},
	number = {0},
	journal = {Corpus Linguistics and Linguistic Theory},
	author = {Calude, Andreea Simona and Miller, Steven and Pagel, Mark},
	month = jan,
	year = {2017},
	pages = {145},
}

@book{coates_language_2011,
	address = {Malden, Mass.},
	edition = {2. ed.},
	title = {Language and gender: {A} reader},
	isbn = {978-1-4051-9127-2},
	url = {http://www.loc.gov/catdir/enhancements/fy1203/2010035178-b.html},
	publisher = {Wiley-Blackwell},
	editor = {Coates, Jennifer and Pichler, Pia},
	month = jan,
	year = {2011},
}


@article{deumert_namibian_2009,
	title = {Namibian {Kiche} {Duits}: {The} {Making} (and {Decline}) of a {Neo}-{African} {Language}},
	volume = {21},
	doi = {10.1017/S1470542709990122},
	number = {4},
	journal = {Journal of Germanic Linguistics},
	author = {Deumert, Ana},
	year = {2009},
	note = {Publisher: Cambridge University Press},
	pages = {349--417},
}


@article{eckert_three_2012,
	title = {Three {Waves} of {Variation} {Study}: {The} {Emergence} of {Meaning} in the {Study} of {Sociolinguistic} {Variation}},
	volume = {41},
	issn = {0084-6570},
	doi = {10.1146/annurev-anthro-092611-145828},
	number = {1},
	journal = {Annual Review of Anthropology},
	author = {Eckert, Penelope},
	month = jan,
	year = {2012},
	pages = {87--100},
}


@incollection{eckert_gender_2011,
	address = {Malden, Mass.},
	edition = {2. ed.},
	title = {Gender and {Sociolinguistic} {Variation}.},
	isbn = {978-1-4051-9127-2},
	booktitle = {Language and gender: {A} reader},
	publisher = {Wiley-Blackwell},
	author = {Eckert, Penelope},
	editor = {Coates, Jennifer and Pichler, Pia},
	month = jan,
	year = {2011},
	pages = {57--66},
}


@article{eckert_new_1999,
	title = {New generalizations and explanations in language and gender research},
	volume = {28},
	issn = {00474045},
	doi = {10.1017/S0047404599002031},
	number = {2},
	journal = {Language in Society},
	author = {Eckert, Penelope and McConnell-Ginet, Sally},
	month = jan,
	year = {1999},
	pages = {185--201},
}


@incollection{eisikovitz_girl_2011,
	address = {Malden, Mass.},
	edition = {2. ed.},
	title = {Girl-talk/{Boy}-talk. {Sex} {Differences} in {Adolescent} {Speech}},
	isbn = {978-1-4051-9127-2},
	booktitle = {Language and gender: {A} reader},
	publisher = {Wiley-Blackwell},
	author = {Eisikovitz, Edina},
	editor = {Coates, Jennifer and Pichler, Pia},
	month = jan,
	year = {2011},
	pages = {38--48},
}


@incollection{gregersen_assessing_nodate,
	address = {Berlin},
	series = {Language {Variation}},
	title = {Assessing {Language} {Contact}: {Linguistic} {Purism} and {North} {Frisian}.},
	booktitle = {German(ic) in {Language} {Contact}: {Grammatical} and {Sociolinguistic} {Dynamics}},
	publisher = {Language Science Press},
	author = {Gregersen, Johanna and Langer, Nils},
}


@incollection{gries_useful_2010,
	address = {Frankfurt, am Main},
	series = {Studien zur romanischen {Sprachwissenschaft} und interkulturellen {Kommunikation}},
	title = {Useful statistics for corpus linguistics},
	volume = {66},
	isbn = {978-3-631-58789-8},
	booktitle = {A mosaic of corpus linguistics: {Selected} approaches},
	publisher = {Lang},
	author = {Gries, Stefan Thomas},
	editor = {Sánchez, Aquilino},
	month = jan,
	year = {2010},
	pages = {269--291},
}

@incollection{haspelmath_lexical_2009,
	address = {Berlin, Germany},
	title = {Lexical borrowing: {Concepts} and issues},
	isbn = {978-3-11-021843-5},
	booktitle = {Loanwords in the world's languages: {A} comparative handbook},
	publisher = {De Gruyter Mouton},
	author = {Haspelmath, Martin},
	editor = {Haspelmath, Martin and Tadmor, Uri},
	month = jan,
	year = {2009},
	pages = {35--54},
}



@incollection{kellermeier-rehbein_namslang_2015,
	address = {Frankfurt am Main [et al.]},
	title = {Namslang - {Deutsche} {Jugendsprache} in {Namibia}?},
	isbn = {978-3-631-65273-2},
	booktitle = {Sprachvariation und {Sprachreflexion} in interkulturellen {Kontexten}},
	publisher = {Peter Lang edition},
	author = {Kellermeier-Rehbein, Birte},
	editor = {Runschke, Kerstin and Peschel, Corinna},
	month = jan,
	year = {2015},
	pages = {41--62},
}

@incollection{kellermeier-rehbein_sprache_2016,
	address = {Berlin; Boston},
	series = {De {Gruyter} {Studium}},
	title = {Sprache in postkolonialen {Kontexten} {II}: {Varietäten} der deutschen {Sprache} in {Namibia}},
	isbn = {978-3-11-037090-4},
	booktitle = {Sprache und {Kolonialismus}: {Eine} interdisziplinäre {Einführung} zu {Sprache} und {Kommunikation} in kolonialen {Kontexten}},
	publisher = {De Gruyter},
	author = {Kellermeier-Rehbein, Birte},
	editor = {Stolz, Thomas and Warnke, Ingo H. and Schmidt-Brücken, Daniel},
	month = jan,
	year = {2016},
	pages = {213--234},
}

@book{labov_social_2006,
	address = {Cambridge},
	edition = {2. ed.},
	title = {The social stratification of {English} in {New} {York} {City}},
	isbn = {978-0-521-82122-3},
	url = {http://www.loc.gov/catdir/enhancements/fy0703/2007273650-d.html},
	publisher = {Cambridge Univ. Press},
	author = {Labov, William},
	month = jan,
	year = {2006},
}

@book{macaulay_language_1977,
	address = {Edinburgh},
	title = {Language, social class, and education},
	isbn = {0-85224-320-0},
	publisher = {Edinburgh Univ. Press},
	author = {Macaulay, Ronald K.},
	month = jan,
	year = {1977},
}


@book{muysken_bilingual_2000,
	address = {Cambridge, UK ; New York},
	title = {Bilingual speech: a typology of code-mixing},
	isbn = {978-0-521-77168-9},
	shorttitle = {Bilingual speech},
	publisher = {Cambridge University Press},
	author = {Muysken, Pieter},
	year = {2000},
}

@book{myers-scotton_contact_2002,
	address = {Oxford},
	series = {Oxford linguistics},
	title = {Contact linguistics: {Bilingual} encounters and grammatical outcomes},
	isbn = {0-19-829953-2},
	url = {http://www.loc.gov/catdir/enhancements/fy0613/2002027766-d.html},
	publisher = {Oxford Univ. Press},
	author = {Myers-Scotton, Carol},
	month = jan,
	year = {2002},
}

@book{nockler_sprachmischung_1963,
	address = {München},
	title = {Sprachmischung in {Südwestafrika}},
	publisher = {Max Hueber Verlag},
	author = {Nöckler, Herbert C.},
	month = jan,
	year = {1963},
}


@incollection{poplack_code-switching_2004,
	address = {Berlin},
	edition = {2. completely revised and extended edition},
	series = {Handbücher zur {Sprach}- und {Kommunikationswissenschaft} /{HSK}]},
	title = {Code-switching},
	volume = {3.1},
	isbn = {978-3-11-019410-4},
	booktitle = {Sociolinguistics: {An} international handbook of the science of language and society = {Soziolinguistik} : ein internationales {Handbuch} zur {Wissenschaft} von {Sprache} und {Gesellschaft}},
	publisher = {De Gruyter},
	author = {Poplack, Shana},
	editor = {Ammon, Ulrich and Dittmar, Norbert and Mattheier, Klaus J. and Trudgill, Peter},
	year = {2004},
	pages = {589--596},
}


@book{poplack_borrowing_2018,
	address = {New York},
	title = {Borrowing: {Loanwords} in the speech community and in the grammar},
	isbn = {978-0-19-069908-6},
	publisher = {Oxford University Press},
	author = {Poplack, Shana},
	month = jan,
	year = {2018},
}

@article{poplack_social_1988,
	title = {The social correlates and linguistic processes of lexical borrowing and assimilation},
	volume = {26},
	issn = {0024-3949},
	doi = {10.1515/ling.1988.26.1.47},
	number = {1},
	journal = {Linguistics},
	author = {Poplack, Shana and Sankoff, David and Miller, Christopher},
	month = jan,
	year = {1988},
	pages = {47--104},
}


@book{putz_dickschenarie_1982,
	address = {Windhoek},
	edition = {1. ed.},
	title = {Dickschenärie},
	isbn = {0-620-07297-0},
	publisher = {Camel Graphics},
	author = {Pütz, Joe},
	year = {1982},
	annote = {Pütz, Joe (VerfasserIn)},
}


@article{radke_lekker_2017,
	title = {"{Lekker} dieses namtal zu lesen. {Ich} hou davon.": {Namdeutscher} {Sprachgebrauch} in namibischer {Onlinekommunikation}},
	volume = {43},
	number = {2},
	journal = {Germanistische Mitteilungen},
	author = {Radke, Henning},
	month = jan,
	year = {2017},
	pages = {109--132},
}

@incollection{radke_role_nodate,
	address = {Berlin},
	series = {Language {Variation}},
	title = {The {Role} of {Language} {Contact} in {Mixed}-{Mode} {Group} {Communication}. {On} {Ingroup} {Construction} through {Multilingualism} among the {German}-{Namibian} {Diaspora}},
	booktitle = {German(ic) in {Language} {Contact}: {Grammatical} and {Sociolinguistic} {Dynamics}},
	publisher = {Language Science Press},
	author = {Radke, Henning},
}

@techreport{schmidt_cgat_2015,
	title = {{cGAT} – {Konventionen} für das computergestützte {Transkribieren} in {Anlehnung} an das {Gesprächsanalytische} {Transkriptionssystem} 2 ({GAT2})},
	author = {Schmidt, Thomas and Schütte, Wilfried and Winterscheid, Jenny},
	month = jan,
	year = {2015},
}

@book{schmidt-lauber_verkehrte_1998,
	address = {Berlin; Hamburg},
	series = {Lebensformen},
	title = {"{Die} verkehrte {Hautfarbe}": {Ethnizität} deutscher {Namibier} als {Alltagspraxis}},
	volume = {10},
	isbn = {3-496-02656-1},
	publisher = {Reimer},
	author = {Schmidt-Lauber, Brigitta},
	month = jan,
	year = {1998},
}


@article{shah_german_2007,
	title = {German in a contact situation: the case of {Namibian} {German}},
	volume = {2},
	number = {2},
	journal = {eDUSA},
	author = {Shah, Sheena},
	month = jan,
	year = {2007},
	pages = {20--45},
}

@incollection{shah_german_2018,
	address = {London; New York, NY},
	series = {Routledge studies in sociolinguistics},
	title = {German in {Namibia}},
	volume = {15},
	isbn = {978-1-315-63944-4},
	booktitle = {Heritage language policies around the world},
	publisher = {Routledge},
	author = {Shah, Sheena and Zappen-Thomson, Marianne},
	editor = {Seals, Corinne A. and Shah, Sheena},
	month = jan,
	year = {2018},
	pages = {128--147},
}


@book{tagliamonte_variationist_2012,
	address = {Malden, Mass},
	series = {Language in society},
	title = {Variationist sociolinguistics: {Change}, observation, interpretation},
	volume = {40},
	isbn = {978-1-4051-3590-0},
	abstract = {Variationist Sociolinguistics: Change, Observation, Interpretation presents a comprehensive, intermediate level examination of Language Variation and Change, the branch of sociolinguistics concerned with linguistic variation in spoken and written language. Represents the most up-to-date coverage of the history, developments, and methodologies of variationist sociolinguisticsAddresses all aspects of linguistic variation, including areas not usually covered in introductory texts, e.g. the phonological, morpho-syntactic, discourse/pragmaticOutlines comparative sociolinguistic approach, data colle},
	publisher = {Wiley-Blackwell},
	author = {Tagliamonte, Sali A.},
	month = jan,
	year = {2012},
}

@article{trudgill_sex_1972,
	title = {Sex, {Covert} {Prestige} and {Linguistic} {Change} in the {Urban} {British} {English} of {Norwich}},
	volume = {1},
	issn = {00474045},
	url = {http://www.jstor.org/stable/4166683},
	number = {2},
	journal = {Language in Society},
	author = {Trudgill, Peter},
	month = jan,
	year = {1972},
	note = {Publisher: Cambridge University Press},
	pages = {179--195},
}

@incollection{wiese_language_2020,
	address = {Frankfurt am Main [et al.]},
	series = {Bamberg {Studies} in {English} {Linguistics}},
	title = {Language {Situations}: {A} method for capturing variation within speakers’ repertoires},
	booktitle = {Methods in {Dialectology} {XVI}},
	publisher = {Lang},
	author = {Wiese, Heike},
	editor = {{Yoshiyuki Asahi}},
	year = {2020},
}

@incollection{wiese_registerdifferenzierung_2021,
	address = {Tübingen},
	title = {Registerdifferenzierung im {Namdeutschen}: {Informeller} und formeller {Sprachgebrauch} in einer vitalen {Sprechergemeinschaft}},
	isbn = {978-3-8233-8304-8},
	booktitle = {Kontaktvarietäten des {Deutschen} im {Ausland}},
	publisher = {Narr},
	author = {Wiese, Heike and Bracke, Yannic},
	editor = {Csaba Földes},
	year = {2021},
}

@article{wiese_deutsch_2014,
	title = {Deutsch im mehrsprachigen {Kontext}: {Beobachtungen} zu lexikalisch-grammatischen {Entwicklungen} im {Namdeutschen} und im {Kiezdeutschen}},
	volume = {81},
	url = {http://www.jstor.org/stable/43821602},
	number = {3},
	journal = {Zeitschrift für Dialektologie und Linguistik},
	author = {Wiese, Heike and Simon, Horst J. and Zappen-Thomson, Marianne and Schumann, Kathleen},
	month = jan,
	year = {2014},
	pages = {274--307},
}


@incollection{wiese_german_2017,
	title = {German in {Namibia}: {A} vital speech community and its multilingual dynamics.},
	booktitle = {Language {Contact} in the {German} {Colonies}: {Papua} {New} {Guinea} and beyond},
	author = {Wiese, Heike and Simon, Horst J. and Zimmer, Christian and Schumann, Kathleen},
	editor = {Maitz, Péter and Volker, Craig A.},
	month = jan,
	year = {2017},
	pages = {221--245},
}

@book{wolfram_sociolinguistic_1969,
	address = {Washington, D.C.},
	series = {5},
	title = {A sociolinguistic description of {Detroit} negro speech / {Walter} {A}. {Wolfram}},
	url = {https://primo.fu-berlin.de/FUB:FUB_ALMA_DS21884676740002883},
	publisher = {Center for Applied Linguistics},
	author = {Wolfram, Walt},
	month = jan,
	year = {1969},
}

@article{zenner_sociolinguistic_2015,
	title = {A sociolinguistic analysis of borrowing in weak contact situations: {English} loanwords and phrases in expressive utterances in a {Dutch} reality {TV} show},
	volume = {19},
	issn = {1367-0069},
	doi = {10.1177/1367006914521699},
	number = {3},
	journal = {International Journal of Bilingualism},
	author = {Zenner, Eline and Speelman, Dirk and Geeraerts, Dirk},
	month = jan,
	year = {2015},
	pages = {333--346},
}

@incollection{zimmer_deutsch_2019,
	address = {Berlin},
	series = {Handbücher zur {Sprach}- und {Kommunikationswissenschaft}. {Language} and space : an international handbook of linguistic variation / edited by {Jürgen} {Erich} {Schmidt}},
	title = {Deutsch als {Minderheitensprache} in {Afrika}},
	isbn = {978-3-11-039472-6},
	booktitle = {Sprache und {Raum} ‒ {Deutsch}: {Ein} internationales {Handbuch} der {Sprachvariation}},
	publisher = {Mouton de Gruyter},
	author = {Zimmer, Christian},
	editor = {Herrgen, Joachim and Schmidt, Jürgen Erich},
	month = jan,
	year = {2019},
	note = {Num Pages: 17},
	pages = {1176--1190},
}

@incollection{zimmer_linguistic_nodate,
	address = {Leiden},
	title = {Linguistic variation and age of speakers in {Namibian} {German}: loan word usage in "{Wenker} sentences"},
	booktitle = {German {Abroad}: {Comparative} {Perspectives} on {Language} {Contact}},
	publisher = {Brill},
	author = {Zimmer, Christian},
	editor = {Boas, Hans C.},
}

@article{zimmer_korpus_2020,
	series = {Deutsche {Sprache}},
	title = {Das {Korpus} {Deutsch} in {Namibia} ({DNam}): {Eine} {Ressource} für die {Kontakt}-, {Variations}- und {Soziolinguistik}},
	volume = {48},
	issn = {1868-775X},
	url = {http://nbn-resolving.de/urn:nbn:de:bsz:mh39-100570},
	abstract = {Dieser Beitrag widmet sich der Beschreibung des Korpus Deutsch in Namibia (DNam), das über die Datenbank für Gesprochenes Deutsch (DGD) frei zugänglich ist. Bei diesem Korpus handelt es sich um eine neue digitale Ressource, die den Sprachgebrauch der deutschsprachigen Minderheit in Namibia sowie die zugehörigen Spracheinstellungen umfassend und systematisch dokumentiert. Wir beschreiben die Datenerhebung und die dabei angewandten Methoden (freie Gespräche, „Sprachsituationen", semi-strukturierte Interviews), die Datenaufbereitung inklusive Transkription, Normalisierung und Tagging sowie die Eigenschaften des verfügbaren Korpus (Umfang, verfügbare Metadaten usw.) und einige grundlegende Funktionalitäten im Rahmen der DGD. Erste Forschungsergebnisse, die mithilfe der neuen Ressource erzielt wurden, veranschaulichen die vielseitige Nutzbarkeit des Korpus für Fragestellungen aus den Bereichen Kontakt-, Variations- und Soziolinguistik.},
	language = {de},
	number = {3},
	author = {Zimmer, Christian and Wiese, Heike and Simon, Horst J. and Zappen-Thomson, Marianne and Bracke, Yannic and Stuhl, Britta and Schmidt, Thomas},
	editor = {Henning, Lobin and Habermann, Mechthild},
	year = {2020},
	note = {Place: Berlin Publisher: Erich Schmidt},
	pages = {210 -- 232},
}